3048 5142
530 571 669 636 NERO.
1054 595 1119 663 ²¹7

93 706 239 771 Senatum
250 714 347 792 gestu
362 712 504 765 notaret.
518 698 723 764 Histrionem
737 712 771 763 et
780 693 1021 790 philosophum
1033 703 1121 768 Nero

93 811 167 880 nihil
179 809 338 902 amplius,
356 831 459 902 qurum
473 805 565 874 Urbe
581 805 745 900 Italiaque
764 810 955 890 summovit,
974 806 1029 878 vel
1043 833 1121 878 oon·

93 936 188 990 temtu
207 920 316 986 omnis
336 917 499 1000 infamiae,
513 915 567 984 vel
585 940 629 986 ne
646 914 783 985 fatendo
806 916 958 987 dolorem
976 921 1122 987 irritaret

92 1031 221 1123 ingenia.
1072 1057 1074 1062 ·

130 1144 194 1208 XL.
219 1137 337 1206 Talem
350 1139 539 1231 Principem
551 1134 656 1230 paulo
667 1137 780 1204 minus
794 1137 1049 1231 qrramordeeim
1064 1162 1121 1208 eu-

91 1261 161 1320 nos¹
173 1273 354 1346 perpessus
366 1265 532 1316 terrarum
544 1247 650 1331 orbis,
663 1246 800 1316 tandem
811 1246 977 1333 destinuit3
988 1238 1121 1318 initium

91 1360 277 1430 facientibus
288 1358 392 1430 Gallis
400 1411 409 1442 ,
418 1357 504 1427 duce
515 1363 535 1427 J
537 1357 606 1426 ulio
616 1357 776 1427 Vindice²
783 1411 792 1443 ,
805 1361 865 1454 qui
875 1375 949 1428 tum
959 1382 1034 1427 eam
1045 1382 1121 1453 pro-

90 1475 222 1541 vinciam
230 1477 439 1565 Propraetore
451 1468 632 1538 obtinebat.
643 1467 870 1537 Praediotuma
878 1469 1120 1538 mathematicis

91 1586 203 1653 Neroni
215 1582 295 1651 olim
308 1598 395 1667 erat,
409 1581 498 1664 fore,
512 1596 552 1648 ut
565 1578 769 1675 qtmndoque
787 1580 1041 1650 destitueretur:
1063 1605 1122 1650 un·

91 1691 127 1761 de
137 1691 192 1760 illa
201 1717 269 1762 vox
283 1688 356 1785 ejus
371 1689 603 1773 celeberrima,
616 1704 647 1763 nl
657 1709 759 1783 τεχνίον
771 1712 845 1764 πᾶσα
856 1688 1040 1786 ,αῑατρὸμυῧ
1051 1716 1121 1787 quo

90 1800 205 1896 majore
231 1801 360 1870 seilicet
378 1803 476 1870 venia
493 1799 712 1868 meditaretur
730 1799 977 1871 citharoedioam
997 1817 1120 1885 ortem,

90 1916 222 2008 Principi
236 1913 299 1982 sibi
311 1929 456 2005 gratam,
473 1913 604 2006 privato
617 1914 852 1980 necessariam.
866 1913 1123 2006 Spoponderam

90 2039 191 2091 omen
207 2020 344 2118 quidam
369 2021 528 2090 destituto
547 2024 694 2090 Orientis
715 2021 1013 2107 dominationemt,
1036 2047 1121 2090 non·

90 2133 165 2202 nulli
175 2135 373 2202 nominatim
388 2157 531 2226 regnum
545 2132 871 2227 Hierosolymorum,
884 2133 999 2226 plures
1011 2136 1120 2202 omnis

90 2248 227 2337 pristinae
245 2245 390 2314 fortunae
410 2246 664 2313 restitutionem.
684 2248 745 2312 Cui
764 2247 836 2338 spei
855 2245 1032 2338 pronior⁵,
1053 2248 1122 2314 Bri-

90 2361 192 2426 tannia
209 2359 435 2454 Armeniaque
452 2359 593 2440 amissa,
612 2380 653 2424 ac
672 2381 790 2426 rursus
809 2373 951 2454 utraque
969 2373 1120 2452 recepte,

89 2595 197 2651 Atellano
205 2615 260 2650 non
267 2616 364 2667 magna
371 2597 511 2672 quaerenda
522 2617 578 2652 em·
621 2616 645 2650 o.
655 2599 757 2672 incepit
767 2611 869 2651 motum
880 2596 982 2650 Vindex
990 2597 1066 2651 initio
1078 2615 1121 2650 en-

90 2673 158 2744 ditio,
168 2675 215 2728 sed
229 2675 345 2730 scurrilis
357 2676 577 2749 lepoe,qualisin
621 2679 649 2728 ni
661 2676 726 2743 ilar,
746 2688 772 2729 et
790 2695 819 2730 se
836 2677 939 2747 ipsum,
956 2694 984 2727 re
1001 2674 1121 2728 nondum

89 2756 150 2826 vulgi
164 2757 278 2810 dicteriis
298 2757 498 2830 proverbiieque
518 2776 576 2811 esee
621 2756 752 2827 perfecta,
763 2754 851 2827 gladio
868 2757 1008 2808 interemit.
1020 2754 1120 2826 Xipbil.

89 2833 155 2890 tolet.
169 2837 225 2890 Noe
241 2837 360 2890 similiter
378 2835 468 2890 dicere
485 2857 576 2910 poese-
622 2853 681 2906 cap.
696 2835 842 2902 nri-Pro
856 2833 954 2902 Gallis,
966 2835 1054 2886 llurm.
1070 2853 1122 2885 mn·

89 2917 267 2970 mnerlamort
274 2916 485 2990 uouttimparlee
491 2918 576 2989 piede,·
620 2914 692 2968 lebat
704 2915 808 2970 Galliis.
822 2913 962 2986 vulgatam
974 2928 1064 2969 tuetur
1076 2917 1121 2968 xt-

90 2991 195 3048 ledielle
204 3014 268 3049 mres
277 3013 368 3069 ponere
377 3015 410 3048 en
424 2995 511 3066 enfer,
525 3010 574 3049 eto.
620 2994 751 3067 philinus,
764 3013 824 3066 cap.
839 3012 880 3047 nn.

90 3073 132 3126 Cui
141 3073 220 3127 multa
229 3073 353 3147 placent,
364 3075 442 3128 adeat
451 3077 576 3128 barmim·
657 3075 682 3128 3.
700 3074 731 3127 'te'
743 3075 861 3140 τεχνίον...
871 3069 958 3142 epioni.
970 3073 1012 3124 Cf.
1020 3071 1120 3143 Xipbil.

90 3169 153 3204 nutu.
621 3175 680 3228 cap.
696 3173 739 3226 η,
750 3169 777 3208 et
788 3174 849 3208 cum
861 3157 1011 3224 Banmgart.
1021 3165 1121 3204 rectane

118 3230 165 3284 xl.
182 3249 204 3286 ι.
219 3231 308 3288 Panlo
319 3234 407 3288 minus
418 3235 577 3307 quatuorde·
621 3235 751 3306 vulgatam
765 3232 1059 3306 peta,senariivestigiu
1068 3249 1122 3285 ser-

88 3308 133 3361 cin
141 3329 229 3364 annos.
242 3311 285 3364 Cl.
297 3313 382 3379 intra,
399 3330 458 3384 cop.
472 3313 513 3367 51.
525 3316 577 3366 En·
620 3327 741 3380 vantem,
752 3331 831 3385 quem
840 3313 912 3365 varie
924 3313 1061 3364 restituere
1073 3313 1122 3364 viri

88 3399 149 3460 trop.
161 3391 222 3456 vn,
236 3409 268 3462 9,
285 3389 380 3444 obiisse
397 3390 461 3443 dicit
474 3391 577 3463 imperii
621 3392 702 3446 docti.
715 3390 783 3444 Vide
794 3393 936 3444 Burmanni
946 3389 1009 3442 edit.

88 3467 575 3565 muopuartodecimo.Xipbil.LXlll,
656 3469 1122 3546 4.Spopondcrcnt...0rientisdomi·

89 3561 134 3616 29,
154 3547 214 3615 ιρξιι
234 3546 274 3600 e'nu
292 3547 422 3618 lampio,
444 3547 483 3600 ul
500 3551 575 3615 μίνις
620 3551 763 3602 notionem.
774 3549 851 3620 Vulg.
863 3550 1079 3623 Spoponderam,
1093 3563 1122 3602 et

88 3623 155 3690 inei,
164 3647 259 3700 nempe
268 3647 285 3680 n
294 3630 382 3682 medio
391 3630 504 3683 Octobri
512 3649 573 3684 ann.
619 3629 738 3683 destituto
747 3629 772 3682 ei
777 3670 786 3697 ,
796 3642 823 3682 et
833 3626 1024 3682 ordinationem
1033 3629 1123 3682 Orien-

89 3705 146 3776 807‚
164 3725 247 3780 neque
270 3707 306 3762 ad
327 3709 442 3761 medium
465 3711 574 3762 lunium
620 3709 659 3762 tir.
671 3708 807 3762 Edidimus
819 3711 979 3781 optimorum
990 3707 1120 3761 Godd.le·

88 3803 142 3838 ann.
153 3788 369 3841 821.Pluravide
381 3788 455 3860 epod
465 3788 575 3842 Oudeu·
619 3791 735 3841 ctionem
753 3803 816 3862 post
834 3787 957 3842 Oudend.
975 3801 1002 3840 et
1019 3789 1119 3840 Erueet.

87 3861 156 3936 dorp.
174 3865 208 3918 ad
226 3865 253 3919 b.
273 3866 292 3919 l.
311 3868 575 3922 aestimassent·
621 3869 819 3922 ordinationem
831 3870 981 3922 Gronovius
1000 3868 1118 3921 defendit

87 3941 206 4014 pbilloc.
219 3949 264 4000 cit.
619 3948 704 4014 locis,
723 3959 815 4002 nostro
832 3948 906 4002 nullo
925 3945 1004 4000 modo
1022 3965 1120 4000 conue-

118 4041 140 4076 π.
157 4025 228 4078 Duce
243 4025 321 4079 lulio
336 4027 453 4080 Vindice.
471 4028 512 4080 cf.
529 4027 576 4080 Xi-
620 4026 758 4079 nientihus.

87 4099 297 4172 pbil.1.x111,22.
310 4104 441 4158 Plutarch.
454 4105 531 4160 Galb.
544 4107 575 4174 4,
656 4104 680 4159 5.
701 4106 751 4158 cat
757 4106 812 4177 spei
818 4106 935 4176 pronior.
945 4104 985 4157 Cf.
995 4101 1118 4156 Oudend.

87 4176 128 4231 ubi
140 4181 255 4238 fumiae
271 4181 402 4251 erp-trevie
420 4183 533 4251 dicitur,
550 4197 577 4238 et
620 4184 654 4238 nd
665 4185 737 4237 buno
749 4184 854 4250 locum,
867 4197 894 4237 et
903 4187 1006 4238 Ernest.
1022 4182 1055 4234 ad
1066 4183 1120 4234 Ta-

87 4273 139 4326 qaae
149 4256 253 4330 collegit
267 4261 379 4315 Reimar.
396 4263 430 4316 nd
441 4263 540 4335 Xiphil.
555 4265 574 4316 l.
621 4265 665 4318 cit.
679 4263 773 4317 dnunl.
787 4267 831 4330 Ν,
842 4264 885 4318 60.
