<?xml version="1.0" encoding="UTF-8"?>
<!DOCTYPE html PUBLIC "-//W3C//DTD XHTML 1.0 Transitional//EN"
    "http://www.w3.org/TR/xhtml1/DTD/xhtml1-transitional.dtd">
<html xmlns="http://www.w3.org/1999/xhtml" xml:lang="en" lang="en">
 <head>
  <title>
</title>
<meta http-equiv="Content-Type" content="text/html;charset=utf-8" />
  <meta name='ocr-system' content='tesseract 3.04.00' />
  <meta name='ocr-capabilities' content='ocr_page ocr_carea ocr_par ocr_line ocrx_word'/>
</head>
<body>
  <div class='ocr_page' id='page_1' title='image "./csuetoniitranqu00suetgoog_0073.png"; bbox 0 0 3066 5148; ppageno 0'>
   <div class='ocr_carea' id='block_1_1' title="bbox 469 519 1113 586">
    <p class='ocr_par' dir='ltr' id='par_1_1' title="bbox 469 519 1113 586">
     <span class='ocr_line' id='line_1_1' title="bbox 469 519 1113 586; baseline 0.003 -2"><span class='ocrx_word' id='word_1_1' title='bbox 469 519 724 584; x_wconf 71' lang='lat' dir='ltr'>cantaban.</span> <span class='ocrx_word' id='word_1_2' title='bbox 1074 523 1113 586; x_wconf 79' lang='lat'>61</span> 
     </span>
    </p>
   </div>
   <div class='ocr_carea' id='block_1_2' title="bbox 90 645 1121 1381">
    <p class='ocr_par' dir='ltr' id='par_1_2' title="bbox 90 645 1121 1381">
     <span class='ocr_line' id='line_1_2' title="bbox 130 645 1119 740; baseline -0.001 -23"><span class='ocrx_word' id='word_1_3' title='bbox 130 655 161 716; x_wconf 84' lang='lat' dir='ltr'>L.</span> <span class='ocrx_word' id='word_1_4' title='bbox 185 651 316 717; x_wconf 81' lang='lat' dir='ltr'>Statma</span> <span class='ocrx_word' id='word_1_5' title='bbox 336 648 400 715; x_wconf 79' lang='lat' dir='ltr'>fuit</span> <span class='ocrx_word' id='word_1_6' title='bbox 422 649 596 731; x_wconf 80' lang='lat' dir='ltr'>eminenti,</span> <span class='ocrx_word' id='word_1_7' title='bbox 618 645 730 715; x_wconf 89' lang='lat' dir='ltr'>colore</span> <span class='ocrx_word' id='word_1_8' title='bbox 753 646 956 740; x_wconf 86' lang='lat' dir='ltr'>expallido¹‚</span> <span class='ocrx_word' id='word_1_9' title='bbox 980 672 1119 740; x_wconf 84' lang='lat' dir='ltr'>corpore</span> 
     </span>
     <span class='ocr_line' id='line_1_3' title="bbox 91 759 1121 854; baseline -0.004 -24"><span class='ocrx_word' id='word_1_10' title='bbox 91 764 221 843; x_wconf 81' lang='lat' dir='ltr'>enormi,</span> <span class='ocrx_word' id='word_1_11' title='bbox 238 759 422 854; x_wconf 74' lang='lat' dir='ltr'>gracilitate</span> <span class='ocrx_word' id='word_1_12' title='bbox 437 761 582 827; x_wconf 84' lang='lat' dir='ltr'>maxima</span> <span class='ocrx_word' id='word_1_13' title='bbox 598 761 735 827; x_wconf 85' lang='lat' dir='ltr'>cervicis</span> <span class='ocrx_word' id='word_1_14' title='bbox 751 775 786 826; x_wconf 87' lang='lat' dir='ltr'>et</span> <span class='ocrx_word' id='word_1_15' title='bbox 797 783 952 843; x_wconf 89' lang='lat' dir='ltr'>crurum,</span> <span class='ocrx_word' id='word_1_16' title='bbox 967 760 1073 828; x_wconf 89' lang='lat' dir='ltr'>oculis</span> <span class='ocrx_word' id='word_1_17' title='bbox 1087 777 1121 826; x_wconf 90' lang='lat' dir='ltr'>et</span> 
     </span>
     <span class='ocr_line' id='line_1_4' title="bbox 93 867 1120 962; baseline -0.002 -24"><span class='ocrx_word' id='word_1_18' title='bbox 93 868 282 962; x_wconf 83' lang='lat' dir='ltr'>temporibus</span> <span class='ocrx_word' id='word_1_19' title='bbox 292 870 467 948; x_wconf 82' lang='lat' dir='ltr'>concavis,</span> <span class='ocrx_word' id='word_1_20' title='bbox 480 867 669 936; x_wconf 83' lang='lat' dir='ltr'>frontelata</span> <span class='ocrx_word' id='word_1_21' title='bbox 684 883 717 934; x_wconf 88' lang='lat' dir='ltr'>et</span> <span class='ocrx_word' id='word_1_22' title='bbox 728 883 839 950; x_wconf 91' lang='lat' dir='ltr'>torva,</span> <span class='ocrx_word' id='word_1_23' title='bbox 854 867 977 961; x_wconf 88' lang='lat' dir='ltr'>capillo</span> <span class='ocrx_word' id='word_1_24' title='bbox 989 893 1066 938; x_wconf 88' lang='lat' dir='ltr'>raro</span> <span class='ocrx_word' id='word_1_25' title='bbox 1080 895 1120 936; x_wconf 85' lang='lat' dir='ltr'>ac</span> 
     </span>
     <span class='ocr_line' id='line_1_5' title="bbox 92 976 1120 1062; baseline -0.002 -14"><span class='ocrx_word' id='word_1_26' title='bbox 92 983 165 1048; x_wconf 71' lang='lat' dir='ltr'>cira</span> <span class='ocrx_word' id='word_1_27' title='bbox 177 981 335 1048; x_wconf 86' lang='lat' dir='ltr'>verticem</span> <span class='ocrx_word' id='word_1_28' title='bbox 350 978 460 1060; x_wconf 90' lang='lat' dir='ltr'>nullo,</span> <span class='ocrx_word' id='word_1_29' title='bbox 477 976 628 1045; x_wconf 92' lang='lat' dir='ltr'>hirsutus</span> <span class='ocrx_word' id='word_1_30' title='bbox 642 994 763 1045; x_wconf 85' lang='lat' dir='ltr'>cetera.</span> <span class='ocrx_word' id='word_1_31' title='bbox 779 981 907 1062; x_wconf 85' lang='lat' dir='ltr'>Quare,</span> <span class='ocrx_word' id='word_1_32' title='bbox 925 994 1120 1048; x_wconf 82' lang='lat' dir='ltr'>transeunte</span> 
     </span>
     <span class='ocr_line' id='line_1_6' title="bbox 91 1091 1120 1187; baseline 0 -28"><span class='ocrx_word' id='word_1_33' title='bbox 91 1115 137 1175; x_wconf 87' lang='lat' dir='ltr'>eo,</span> <span class='ocrx_word' id='word_1_34' title='bbox 146 1095 332 1184; x_wconf 81' lang='lat' dir='ltr'>prospicere</span> <span class='ocrx_word' id='word_1_35' title='bbox 345 1114 386 1158; x_wconf 86' lang='lat' dir='ltr'>ex</span> <span class='ocrx_word' id='word_1_36' title='bbox 396 1091 569 1183; x_wconf 87' lang='lat' dir='ltr'>superiore</span> <span class='ocrx_word' id='word_1_37' title='bbox 577 1106 688 1182; x_wconf 85' lang='lat' dir='ltr'>parte,</span> <span class='ocrx_word' id='word_1_38' title='bbox 700 1105 758 1156; x_wconf 88' lang='lat' dir='ltr'>aut</span> <span class='ocrx_word' id='word_1_39' title='bbox 767 1091 905 1158; x_wconf 89' lang='lat' dir='ltr'>omnino</span> <span class='ocrx_word' id='word_1_40' title='bbox 917 1113 1120 1187; x_wconf 88' lang='lat' dir='ltr'>quacunque</span> 
     </span>
     <span class='ocr_line' id='line_1_7' title="bbox 90 1201 1120 1296; baseline 0 -28"><span class='ocrx_word' id='word_1_41' title='bbox 90 1201 125 1269; x_wconf 91' lang='lat' dir='ltr'>de</span> <span class='ocrx_word' id='word_1_42' title='bbox 136 1225 232 1272; x_wconf 79' lang='lat' dir='ltr'>musa</span> <span class='ocrx_word' id='word_1_43' title='bbox 248 1227 375 1296; x_wconf 77' lang='grc' dir='ltr'>οαρναηι</span> <span class='ocrx_word' id='word_1_44' title='bbox 388 1203 580 1284; x_wconf 88' lang='lat' dir='ltr'>nominare,</span> <span class='ocrx_word' id='word_1_45' title='bbox 596 1203 814 1268; x_wconf 89' lang='lat' dir='ltr'>criminosum</span> <span class='ocrx_word' id='word_1_46' title='bbox 830 1217 864 1268; x_wconf 90' lang='lat' dir='ltr'>et</span> <span class='ocrx_word' id='word_1_47' title='bbox 878 1201 1009 1270; x_wconf 86' lang='lat' dir='ltr'>exitiale</span> <span class='ocrx_word' id='word_1_48' title='bbox 1022 1202 1120 1270; x_wconf 85' lang='lat' dir='ltr'>babe-</span> 
     </span>
     <span class='ocr_line' id='line_1_8' title="bbox 90 1308 1120 1381; baseline 0.001 -4"><span class='ocrx_word' id='word_1_49' title='bbox 90 1310 184 1378; x_wconf 81' lang='lat' dir='ltr'>llatur.</span> <span class='ocrx_word' id='word_1_50' title='bbox 197 1310 340 1380; x_wconf 88' lang='lat' dir='ltr'>Vultum</span> <span class='ocrx_word' id='word_1_51' title='bbox 354 1334 434 1378; x_wconf 86' lang='lat' dir='ltr'>vero</span> <span class='ocrx_word' id='word_1_52' title='bbox 451 1326 573 1378; x_wconf 89' lang='lat' dir='ltr'>natura</span> <span class='ocrx_word' id='word_1_53' title='bbox 583 1308 760 1377; x_wconf 88' lang='lat' dir='ltr'>horridum</span> <span class='ocrx_word' id='word_1_54' title='bbox 770 1333 810 1376; x_wconf 90' lang='lat' dir='ltr'>ac</span> <span class='ocrx_word' id='word_1_55' title='bbox 826 1324 950 1378; x_wconf 84' lang='lat' dir='ltr'>tetrum</span> <span class='ocrx_word' id='word_1_56' title='bbox 964 1313 1065 1381; x_wconf 74' lang='lat' dir='ltr'>edam</span> <span class='ocrx_word' id='word_1_57' title='bbox 1078 1336 1120 1379; x_wconf 88' lang='lat' dir='ltr'>ex</span> 
     </span>
    </p>
   </div>
   <div class='ocr_carea' id='block_1_3' title="bbox 21 1420 1155 2622">
    <p class='ocr_par' dir='ltr' id='par_1_3' title="bbox 21 1420 1155 2622">
     <span class='ocr_line' id='line_1_9' title="bbox 89 1420 1120 1514; baseline 0 -22"><span class='ocrx_word' id='word_1_58' title='bbox 89 1423 239 1492; x_wconf 85' lang='lat' dir='ltr'>industria</span> <span class='ocrx_word' id='word_1_59' title='bbox 256 1421 438 1504; x_wconf 79' lang='lat' dir='ltr'>efferabat,</span> <span class='ocrx_word' id='word_1_60' title='bbox 456 1445 664 1514; x_wconf 88' lang='lat' dir='ltr'>componens</span> <span class='ocrx_word' id='word_1_61' title='bbox 681 1420 725 1488; x_wconf 87' lang='lat' dir='ltr'>ad</span> <span class='ocrx_word' id='word_1_62' title='bbox 741 1421 916 1514; x_wconf 90' lang='lat' dir='ltr'>speculum</span> <span class='ocrx_word' id='word_1_63' title='bbox 933 1420 969 1490; x_wconf 87' lang='lat' dir='ltr'>in</span> <span class='ocrx_word' id='word_1_64' title='bbox 985 1447 1120 1492; x_wconf 89' lang='lat' dir='ltr'>omnem</span> 
     </span>
     <span class='ocr_line' id='line_1_10' title="bbox 90 1517 1120 1625; baseline 0 -25"><span class='ocrx_word' id='word_1_65' title='bbox 90 1517 237 1600; x_wconf 77' lang='lat' dir='ltr'>ter&#39;rorem</span> <span class='ocrx_word' id='word_1_66' title='bbox 250 1555 291 1600; x_wconf 86' lang='lat' dir='ltr'>ac</span> <span class='ocrx_word' id='word_1_67' title='bbox 307 1529 531 1600; x_wconf 80' lang='lat' dir='ltr'>formidinem.</span> <span class='ocrx_word' id='word_1_68' title='bbox 545 1529 712 1599; x_wconf 81' lang='lat' dir='ltr'>Valetudo</span> <span class='ocrx_word' id='word_1_69' title='bbox 727 1533 758 1598; x_wconf 92' lang='lat' dir='ltr'>ei</span> <span class='ocrx_word' id='word_1_70' title='bbox 773 1555 884 1625; x_wconf 85' lang='lat' dir='ltr'>neque</span> <span class='ocrx_word' id='word_1_71' title='bbox 900 1536 1047 1624; x_wconf 88' lang='lat' dir='ltr'>corporis</span> <span class='ocrx_word' id='word_1_72' title='bbox 1064 1557 1120 1600; x_wconf 86' lang='lat' dir='ltr'>ne-</span> 
     </span>
     <span class='ocr_line' id='line_1_11' title="bbox 90 1639 1119 1736; baseline -0.001 -26"><span class='ocrx_word' id='word_1_73' title='bbox 90 1667 147 1736; x_wconf 86' lang='lat' dir='ltr'>que</span> <span class='ocrx_word' id='word_1_74' title='bbox 164 1645 267 1710; x_wconf 87' lang='lat' dir='ltr'>animi</span> <span class='ocrx_word' id='word_1_75' title='bbox 290 1644 447 1710; x_wconf 89' lang='lat' dir='ltr'>constitit.</span> <span class='ocrx_word' id='word_1_76' title='bbox 473 1647 560 1708; x_wconf 89' lang='lat' dir='ltr'>Puer</span> <span class='ocrx_word' id='word_1_77' title='bbox 580 1639 739 1708; x_wconf 88' lang='lat' dir='ltr'>comitiali</span> <span class='ocrx_word' id='word_1_78' title='bbox 762 1639 881 1708; x_wconf 89' lang='lat' dir='ltr'>morbo</span> <span class='ocrx_word' id='word_1_79' title='bbox 903 1659 1061 1724; x_wconf 83' lang='lat' dir='ltr'>vexatus,</span> <span class='ocrx_word' id='word_1_80' title='bbox 1083 1645 1119 1709; x_wconf 93' lang='lat' dir='ltr'>in</span> 
     </span>
     <span class='ocr_line' id='line_1_12' title="bbox 90 1750 1119 1845; baseline 0.002 -27"><span class='ocrx_word' id='word_1_81' title='bbox 90 1751 299 1822; x_wconf 86' lang='lat' dir='ltr'>adolescentia</span> <span class='ocrx_word' id='word_1_82' title='bbox 310 1756 356 1820; x_wconf 89' lang='lat' dir='ltr'>ita</span> <span class='ocrx_word' id='word_1_83' title='bbox 367 1754 498 1845; x_wconf 86' lang='lat' dir='ltr'>patiens</span> <span class='ocrx_word' id='word_1_84' title='bbox 510 1750 683 1819; x_wconf 85' lang='lat' dir='ltr'>laborum²</span> <span class='ocrx_word' id='word_1_85' title='bbox 696 1767 781 1833; x_wconf 85' lang='lat' dir='ltr'>erat,</span> <span class='ocrx_word' id='word_1_86' title='bbox 794 1766 832 1818; x_wconf 90' lang='lat' dir='ltr'>ut</span> <span class='ocrx_word' id='word_1_87' title='bbox 841 1766 954 1820; x_wconf 87' lang='lat' dir='ltr'>tamen</span> <span class='ocrx_word' id='word_1_88' title='bbox 965 1776 1119 1821; x_wconf 85' lang='lat' dir='ltr'>nonnun-</span> 
     </span>
     <span class='ocr_line' id='line_1_13' title="bbox 93 1859 1118 1958; baseline 0 -26"><span class='ocrx_word' id='word_1_89' title='bbox 93 1889 177 1958; x_wconf 87' lang='lat' dir='ltr'>quam</span> <span class='ocrx_word' id='word_1_90' title='bbox 196 1864 307 1932; x_wconf 89' lang='lat' dir='ltr'>subita</span> <span class='ocrx_word' id='word_1_91' title='bbox 324 1863 512 1934; x_wconf 86' lang='lat' dir='ltr'>defectione</span> <span class='ocrx_word' id='word_1_92' title='bbox 533 1859 679 1954; x_wconf 74' lang='lat' dir='ltr'>ingredi,</span> <span class='ocrx_word' id='word_1_93' title='bbox 699 1878 803 1944; x_wconf 87' lang='lat' dir='ltr'>stare,</span> <span class='ocrx_word' id='word_1_94' title='bbox 824 1861 980 1955; x_wconf 75' lang='lat' dir='ltr'>colligere</span> <span class='ocrx_word' id='word_1_95' title='bbox 998 1882 1118 1945; x_wconf 85' lang='lat' dir='ltr'>semet,</span> 
     </span>
     <span class='ocr_line' id='line_1_14' title="bbox 92 1969 1120 2068; baseline -0.003 -27"><span class='ocrx_word' id='word_1_96' title='bbox 92 1998 123 2042; x_wconf 89' lang='lat' dir='ltr'>ac</span> <span class='ocrx_word' id='word_1_97' title='bbox 132 1975 267 2045; x_wconf 82' lang='lat' dir='ltr'>sufferre</span> <span class='ocrx_word' id='word_1_98' title='bbox 281 1977 337 2045; x_wconf 85' lang='lat' dir='ltr'>vix</span> <span class='ocrx_word' id='word_1_99' title='bbox 351 1991 475 2068; x_wconf 86' lang='lat' dir='ltr'>posset.</span> <span class='ocrx_word' id='word_1_100' title='bbox 487 1975 611 2040; x_wconf 87' lang='lat' dir='ltr'>Mentis</span> <span class='ocrx_word' id='word_1_101' title='bbox 627 1969 855 2040; x_wconf 85' lang='lat' dir='ltr'>valetudinem</span> <span class='ocrx_word' id='word_1_102' title='bbox 872 1986 906 2038; x_wconf 85' lang='lat' dir='ltr'>et</span> <span class='ocrx_word' id='word_1_103' title='bbox 923 1973 994 2063; x_wconf 89' lang='lat' dir='ltr'>ipse</span> <span class='ocrx_word' id='word_1_104' title='bbox 1010 1995 1120 2040; x_wconf 86' lang='lat' dir='ltr'>sense-</span> 
     </span>
     <span class='ocr_line' id='line_1_15' title="bbox 21 2080 1120 2178; baseline -0.002 -26"><span class='ocrx_word' id='word_1_105' title='bbox 21 2111 24 2124; x_wconf 77' lang='grc'><strong>’</strong></span> <span class='ocrx_word' id='word_1_106' title='bbox 93 2103 147 2165; x_wconf 77' lang='lat' dir='ltr'>rat,</span> <span class='ocrx_word' id='word_1_107' title='bbox 158 2111 196 2153; x_wconf 89' lang='lat' dir='ltr'>ac</span> <span class='ocrx_word' id='word_1_108' title='bbox 204 2084 347 2154; x_wconf 90' lang='lat' dir='ltr'>subinde</span> <span class='ocrx_word' id='word_1_109' title='bbox 358 2085 402 2153; x_wconf 88' lang='lat' dir='ltr'>de</span> <span class='ocrx_word' id='word_1_110' title='bbox 413 2107 564 2166; x_wconf 85' lang='lat' dir='ltr'>secessu,</span> <span class='ocrx_word' id='word_1_111' title='bbox 577 2083 687 2178; x_wconf 88' lang='lat' dir='ltr'>deque</span> <span class='ocrx_word' id='word_1_112' title='bbox 699 2080 875 2176; x_wconf 77' lang='lat' dir='ltr'>purgando</span> <span class='ocrx_word' id='word_1_113' title='bbox 887 2083 1025 2150; x_wconf 88' lang='lat' dir='ltr'>cerebro</span> <span class='ocrx_word' id='word_1_114' title='bbox 1036 2087 1120 2174; x_wconf 71' lang='lat' dir='ltr'>cogi·</span> 
     </span>
     <span class='ocr_line' id='line_1_16' title="bbox 93 2193 1119 2290; baseline -0.001 -27"><span class='ocrx_word' id='word_1_115' title='bbox 93 2200 170 2265; x_wconf 84' lang='lat' dir='ltr'>tavit.</span> <span class='ocrx_word' id='word_1_116' title='bbox 190 2197 344 2268; x_wconf 86' lang='lat' dir='ltr'>Creditur</span> <span class='ocrx_word' id='word_1_117' title='bbox 366 2193 578 2290; x_wconf 85' lang='lat' dir='ltr'>potionatus³</span> <span class='ocrx_word' id='word_1_118' title='bbox 601 2220 622 2262; x_wconf 89' lang='lat' dir='ltr'>a</span> <span class='ocrx_word' id='word_1_119' title='bbox 641 2197 792 2264; x_wconf 84' lang='lat' dir='ltr'>Caesonia</span> <span class='ocrx_word' id='word_1_120' title='bbox 812 2217 937 2275; x_wconf 85' lang='lat' dir='ltr'>uxore,</span> <span class='ocrx_word' id='word_1_121' title='bbox 957 2199 1119 2264; x_wconf 87' lang='lat' dir='ltr'>amatorio</span> 
     </span>
     <span class='ocr_line' id='line_1_17' title="bbox 92 2303 1120 2402; baseline -0.005 -25"><span class='ocrx_word' id='word_1_122' title='bbox 92 2305 210 2402; x_wconf 82' lang='lat' dir='ltr'>quidem</span> <span class='ocrx_word' id='word_1_123' title='bbox 222 2305 486 2388; x_wconf 85' lang='lat' dir='ltr'>medicamento,</span> <span class='ocrx_word' id='word_1_124' title='bbox 500 2303 559 2374; x_wconf 91' lang='lat' dir='ltr'>sed</span> <span class='ocrx_word' id='word_1_125' title='bbox 574 2303 667 2398; x_wconf 87' lang='lat' dir='ltr'>quod</span> <span class='ocrx_word' id='word_1_126' title='bbox 683 2306 717 2371; x_wconf 92' lang='lat' dir='ltr'>in</span> <span class='ocrx_word' id='word_1_127' title='bbox 733 2303 882 2370; x_wconf 88' lang='lat' dir='ltr'>furorem</span> <span class='ocrx_word' id='word_1_128' title='bbox 897 2308 1042 2372; x_wconf 85' lang='lat' dir='ltr'>verterit.</span> <span class='ocrx_word' id='word_1_129' title='bbox 1063 2309 1120 2374; x_wconf 87' lang='lat' dir='ltr'>ln·</span> 
     </span>
     <span class='ocr_line' id='line_1_18' title="bbox 92 2413 1120 2510; baseline -0.001 -27"><span class='ocrx_word' id='word_1_130' title='bbox 92 2417 240 2486; x_wconf 78' lang='lat' dir='ltr'>citabatur</span> <span class='ocrx_word' id='word_1_131' title='bbox 250 2416 438 2486; x_wconf 80' lang='lat' dir='ltr'>insomnia⁴</span> <span class='ocrx_word' id='word_1_132' title='bbox 453 2418 614 2484; x_wconf 85' lang='lat' dir='ltr'>maxime:</span> <span class='ocrx_word' id='word_1_133' title='bbox 629 2439 739 2510; x_wconf 85' lang='lat' dir='ltr'>neque</span> <span class='ocrx_word' id='word_1_134' title='bbox 753 2416 843 2481; x_wconf 86' lang='lat' dir='ltr'>enim</span> <span class='ocrx_word' id='word_1_135' title='bbox 854 2413 932 2505; x_wconf 89' lang='lat' dir='ltr'>plus</span> <span class='ocrx_word' id='word_1_136' title='bbox 947 2438 1050 2508; x_wconf 89' lang='lat' dir='ltr'>quam</span> <span class='ocrx_word' id='word_1_137' title='bbox 1061 2418 1120 2482; x_wconf 90' lang='lat' dir='ltr'>tri-</span> 
     </span>
     <span class='ocr_line' id='line_1_19' title="bbox 93 2523 1155 2622; baseline 0.004 -30"><span class='ocrx_word' id='word_1_138' title='bbox 93 2525 146 2595; x_wconf 90' lang='lat' dir='ltr'>bus</span> <span class='ocrx_word' id='word_1_139' title='bbox 157 2531 323 2598; x_wconf 93' lang='lat' dir='ltr'>nocturnis</span> <span class='ocrx_word' id='word_1_140' title='bbox 337 2527 429 2596; x_wconf 90' lang='lat' dir='ltr'>horis</span> <span class='ocrx_word' id='word_1_141' title='bbox 441 2525 654 2622; x_wconf 55' lang='lat' dir='ltr'>quiescebam</span> <span class='ocrx_word' id='word_1_142' title='bbox 666 2548 706 2592; x_wconf 87' lang='lat' dir='ltr'>ac</span> <span class='ocrx_word' id='word_1_143' title='bbox 719 2549 762 2592; x_wconf 92' lang='lat' dir='ltr'>ne</span> <span class='ocrx_word' id='word_1_144' title='bbox 777 2523 830 2592; x_wconf 89' lang='lat' dir='ltr'>bis</span> <span class='ocrx_word' id='word_1_145' title='bbox 842 2524 979 2618; x_wconf 87' lang='lat' dir='ltr'>quidem</span> <span class='ocrx_word' id='word_1_146' title='bbox 990 2523 1120 2617; x_wconf 87' lang='lat' dir='ltr'>placida</span> <span class='ocrx_word' id='word_1_147' title='bbox 1147 2577 1155 2596; x_wconf 94' lang='lat'>.</span> 
     </span>
    </p>
   </div>
   <div class='ocr_carea' id='block_1_4' title="bbox 92 2771 1121 3004">
    <p class='ocr_par' dir='ltr' id='par_1_4' title="bbox 92 2771 1121 3004">
     <span class='ocr_line' id='line_1_20' title="bbox 93 2771 1121 2850; baseline -0.005 -21"><span class='ocrx_word' id='word_1_148' title='bbox 93 2779 195 2848; x_wconf 75' lang='lat' dir='ltr'>prosim</span> <span class='ocrx_word' id='word_1_149' title='bbox 212 2778 293 2830; x_wconf 85' lang='lat' dir='ltr'>litora</span> <span class='ocrx_word' id='word_1_150' title='bbox 309 2780 409 2850; x_wconf 80' lang='lat' dir='ltr'>passim</span> <span class='ocrx_word' id='word_1_151' title='bbox 428 2787 505 2828; x_wconf 76' lang='lat' dir='ltr'>uatus</span> <span class='ocrx_word' id='word_1_152' title='bbox 523 2779 577 2846; x_wconf 83' lang='lat' dir='ltr'>eje-</span> <span class='ocrx_word' id='word_1_153' title='bbox 621 2771 1121 2837; x_wconf 57' lang='lat' dir='ltr'>morbocomirtaliveutuatdemade</span> 
     </span>
     <span class='ocr_line' id='line_1_21' title="bbox 92 2852 1121 2928; baseline -0.004 -20"><span class='ocrx_word' id='word_1_154' title='bbox 92 2857 147 2908; x_wconf 76' lang='lat' dir='ltr'>eir·</span> <span class='ocrx_word' id='word_1_155' title='bbox 162 2889 194 2899; x_wconf 97' lang='lat'>-</span> <span class='ocrx_word' id='word_1_156' title='bbox 212 2859 362 2928; x_wconf 73' lang='lat' dir='ltr'>Quibus...</span> <span class='ocrx_word' id='word_1_157' title='bbox 380 2878 397 2908; x_wconf 83' lang='lat' dir='ltr'>a</span> <span class='ocrx_word' id='word_1_158' title='bbox 412 2854 521 2909; x_wconf 82' lang='lat' dir='ltr'>Claudio</span> <span class='ocrx_word' id='word_1_159' title='bbox 534 2853 578 2905; x_wconf 80' lang='lat' dir='ltr'>de·</span> <span class='ocrx_word' id='word_1_160' title='bbox 621 2856 724 2910; x_wconf 87' lang='lat' dir='ltr'>lasceos</span> <span class='ocrx_word' id='word_1_161' title='bbox 742 2857 846 2928; x_wconf 84' lang='lat' dir='ltr'>patiens</span> <span class='ocrx_word' id='word_1_162' title='bbox 861 2852 984 2906; x_wconf 89' lang='lat' dir='ltr'>laborum</span> <span class='ocrx_word' id='word_1_163' title='bbox 1001 2865 1074 2918; x_wconf 83' lang='lat' dir='ltr'>orat,</span> <span class='ocrx_word' id='word_1_164' title='bbox 1091 2867 1121 2904; x_wconf 87' lang='lat' dir='ltr'>ut</span> 
     </span>
     <span class='ocr_line' id='line_1_22' title="bbox 93 2927 1120 3004; baseline -0.008 -14"><span class='ocrx_word' id='word_1_165' title='bbox 93 2937 172 2990; x_wconf 69' lang='lat' dir='ltr'>mab.</span> <span class='ocrx_word' id='word_1_166' title='bbox 186 2939 252 3004; x_wconf 87' lang='lat' dir='ltr'>Dio,</span> <span class='ocrx_word' id='word_1_167' title='bbox 263 2937 322 3002; x_wconf 78' lang='lat' dir='ltr'>Lx,</span> <span class='ocrx_word' id='word_1_168' title='bbox 337 2937 362 3003; x_wconf 73' lang='grc'>4.</span> <span class='ocrx_word' id='word_1_169' title='bbox 490 2927 495 2934; x_wconf 69' lang='grc'>’</span> <span class='ocrx_word' id='word_1_170' title='bbox 622 2945 724 3002; x_wconf 68' lang='lat' dir='ltr'>umen,</span> <span class='ocrx_word' id='word_1_171' title='bbox 738 2947 788 2986; x_wconf 88' lang='lat' dir='ltr'>etc.</span> <span class='ocrx_word' id='word_1_172' title='bbox 808 2934 874 2985; x_wconf 86' lang='lat' dir='ltr'>Tam</span> <span class='ocrx_word' id='word_1_173' title='bbox 889 2951 981 3004; x_wconf 85' lang='lat' dir='ltr'>parurn</span> <span class='ocrx_word' id='word_1_174' title='bbox 995 2929 1120 2984; x_wconf 81' lang='lat' dir='ltr'>valetudo</span> 
     </span>
    </p>
   </div>
   <div class='ocr_carea' id='block_1_5' title="bbox 92 3015 1122 4038">
    <p class='ocr_par' dir='ltr' id='par_1_5' title="bbox 121 3015 788 3096">
     <span class='ocr_line' id='line_1_23' title="bbox 121 3015 788 3096; baseline -0.018 -21"><span class='ocrx_word' id='word_1_175' title='bbox 121 3019 578 3096; x_wconf 75' lang='lat' dir='ltr'>1.=.c010reexpatttdo.naoprimi</span> <span class='ocrx_word' id='word_1_176' title='bbox 623 3015 647 3066; x_wconf 88' lang='lat' dir='ltr'>ei</span> <span class='ocrx_word' id='word_1_177' title='bbox 660 3015 788 3066; x_wconf 81' lang='lat' dir='ltr'>constitit.</span> 
     </span>
    </p>

    <p class='ocr_par' dir='ltr' id='par_1_6' title="bbox 92 3097 1122 3966">
     <span class='ocr_line' id='line_1_24' title="bbox 92 3097 1122 3174; baseline -0.002 -21"><span class='ocrx_word' id='word_1_178' title='bbox 92 3101 162 3153; x_wconf 80' lang='lat' dir='ltr'>codd.</span> <span class='ocrx_word' id='word_1_179' title='bbox 178 3122 228 3174; x_wconf 93' lang='lat' dir='ltr'>pro</span> <span class='ocrx_word' id='word_1_180' title='bbox 240 3101 352 3174; x_wconf 80' lang='lat' dir='ltr'>pallido.</span> <span class='ocrx_word' id='word_1_181' title='bbox 365 3099 466 3154; x_wconf 86' lang='lat' dir='ltr'>Oculos</span> <span class='ocrx_word' id='word_1_182' title='bbox 478 3098 577 3152; x_wconf 82' lang='lat' dir='ltr'>Plinius</span> <span class='ocrx_word' id='word_1_183' title='bbox 657 3103 682 3158; x_wconf 83' lang='lat'>3.</span> <span class='ocrx_word' id='word_1_184' title='bbox 701 3102 862 3154; x_wconf 78' lang='lat' dir='ltr'>Poticnatas.</span> <span class='ocrx_word' id='word_1_185' title='bbox 879 3099 941 3152; x_wconf 87' lang='lat' dir='ltr'>Sine</span> <span class='ocrx_word' id='word_1_186' title='bbox 957 3098 1030 3150; x_wconf 84' lang='lat' dir='ltr'>omni</span> <span class='ocrx_word' id='word_1_187' title='bbox 1044 3097 1122 3151; x_wconf 75' lang='lat' dir='ltr'>baesi-</span> 
     </span>
     <span class='ocr_line' id='line_1_25' title="bbox 93 3175 1121 3252; baseline -0.014 -9"><span class='ocrx_word' id='word_1_188' title='bbox 93 3175 135 3242; x_wconf 66' lang='grc' dir='ltr'>Π,</span> <span class='ocrx_word' id='word_1_189' title='bbox 149 3181 181 3251; x_wconf 78' lang='lat'>37</span> <span class='ocrx_word' id='word_1_190' title='bbox 201 3181 283 3252; x_wconf 76' lang='grc'>(54),</span> <span class='ocrx_word' id='word_1_191' title='bbox 302 3181 366 3232; x_wconf 65' lang='grc' dir='ltr'>(Ῑῦίο</span> <span class='ocrx_word' id='word_1_192' title='bbox 380 3177 474 3231; x_wconf 66' lang='lat' dir='ltr'>tribuit</span> <span class='ocrx_word' id='word_1_193' title='bbox 492 3178 578 3249; x_wconf 64' lang='lat'>”⁷90¹-</span> <span class='ocrx_word' id='word_1_194' title='bbox 621 3184 722 3236; x_wconf 85' lang='lat' dir='ltr'>tatione</span> <span class='ocrx_word' id='word_1_195' title='bbox 738 3179 847 3232; x_wconf 80' lang='lat' dir='ltr'>verbum</span> <span class='ocrx_word' id='word_1_196' title='bbox 863 3177 996 3248; x_wconf 83' lang='lat' dir='ltr'>relinquo,</span> <span class='ocrx_word' id='word_1_197' title='bbox 1011 3178 1121 3248; x_wconf 70' lang='lat' dir='ltr'>Vegetio</span> 
     </span>
     <span class='ocr_line' id='line_1_26' title="bbox 93 3255 1122 3329; baseline -0.005 -17"><span class='ocrx_word' id='word_1_198' title='bbox 93 3269 128 3312; x_wconf 74' lang='lat' dir='ltr'>tes</span> <span class='ocrx_word' id='word_1_199' title='bbox 145 3261 231 3314; x_wconf 72' lang='lat' dir='ltr'>Senes.</span> <span class='ocrx_word' id='word_1_200' title='bbox 250 3261 285 3313; x_wconf 85' lang='lat' dir='ltr'>de</span> <span class='ocrx_word' id='word_1_201' title='bbox 299 3261 434 3312; x_wconf 84' lang='lat' dir='ltr'>Constant.</span> <span class='ocrx_word' id='word_1_202' title='bbox 451 3257 511 3329; x_wconf 88' lang='lat' dir='ltr'>Sap.</span> <span class='ocrx_word' id='word_1_203' title='bbox 530 3259 577 3322; x_wconf 84' lang='lat'>18,</span> <span class='ocrx_word' id='word_1_204' title='bbox 622 3259 796 3315; x_wconf 84' lang='lat' dir='ltr'>etserioribus</span> <span class='ocrx_word' id='word_1_205' title='bbox 803 3255 977 3328; x_wconf 89' lang='lat' dir='ltr'>scriptoribus</span> <span class='ocrx_word' id='word_1_206' title='bbox 986 3255 1122 3328; x_wconf 78' lang='lat' dir='ltr'>frequens,</span> 
     </span>
     <span class='ocr_line' id='line_1_27' title="bbox 93 3334 1122 3409; baseline -0.013 -8"><span class='ocrx_word' id='word_1_207' title='bbox 93 3335 577 3394; x_wconf 63' lang='lat' dir='ltr'>ffflth-Caetaritmaltrt&#39;amfuitse</span> <span class='ocrx_word' id='word_1_208' title='bbox 621 3334 1122 3409; x_wconf 72' lang='lat' dir='ltr'>etadanalogiamvooab.concio,eoa·</span> 
     </span>
     <span class='ocr_line' id='line_1_28' title="bbox 92 3413 1121 3492; baseline -0.016 -8"><span class='ocrx_word' id='word_1_209' title='bbox 92 3414 144 3468; x_wconf 54' lang='grc' dir='ltr'><strong>Μ</strong></span> <span class='ocrx_word' id='word_1_210' title='bbox 158 3421 220 3473; x_wconf 60' lang='lat'>¹²3¹&amp;</span> <span class='ocrx_word' id='word_1_211' title='bbox 237 3419 461 3492; x_wconf 62' lang='lat' dir='ltr'>Mt&#39;qnfffl&#39;mmt</span> <span class='ocrx_word' id='word_1_212' title='bbox 482 3427 578 3466; x_wconf 79' lang='lat' dir='ltr'>«tanta</span> <span class='ocrx_word' id='word_1_213' title='bbox 621 3420 732 3484; x_wconf 81' lang='lat' dir='ltr'>cionari,</span> <span class='ocrx_word' id='word_1_214' title='bbox 749 3419 929 3470; x_wconf 81' lang='lat' dir='ltr'>efformatum.</span> <span class='ocrx_word' id='word_1_215' title='bbox 946 3413 1121 3486; x_wconf 86' lang='lat' dir='ltr'>Oudendorp.</span> 
     </span>
     <span class='ocr_line' id='line_1_29' title="bbox 93 3493 1122 3571; baseline 0.001 -28"><span class='ocrx_word' id='word_1_216' title='bbox 93 3493 245 3569; x_wconf 68' lang='lat' dir='ltr'>illitinquir)</span> <span class='ocrx_word' id='word_1_217' title='bbox 264 3497 374 3571; x_wconf 82' lang='lat' dir='ltr'>palloris</span> <span class='ocrx_word' id='word_1_218' title='bbox 392 3494 523 3548; x_wconf 85' lang='lat' dir='ltr'>insaniam</span> <span class='ocrx_word' id='word_1_219' title='bbox 537 3506 577 3546; x_wconf 92' lang='lat' dir='ltr'>te·</span> <span class='ocrx_word' id='word_1_220' title='bbox 622 3498 736 3568; x_wconf 80' lang='lat' dir='ltr'>conjecit</span> <span class='ocrx_word' id='word_1_221' title='bbox 751 3496 860 3568; x_wconf 81' lang='lat' dir='ltr'>potione</span> <span class='ocrx_word' id='word_1_222' title='bbox 875 3502 1002 3557; x_wconf 77' lang='lat' dir='ltr'>tentatus,</span> <span class='ocrx_word' id='word_1_223' title='bbox 1017 3507 1047 3544; x_wconf 92' lang='lat' dir='ltr'>ut</span> <span class='ocrx_word' id='word_1_224' title='bbox 1067 3503 1122 3544; x_wconf 84' lang='lat' dir='ltr'>ten-</span> 
     </span>
     <span class='ocr_line' id='line_1_30' title="bbox 92 3562 1122 3641; baseline -0.01 -17"><span class='ocrx_word' id='word_1_225' title='bbox 92 3577 171 3628; x_wconf 78' lang='lat' dir='ltr'>matis</span> <span class='ocrx_word' id='word_1_226' title='bbox 187 3575 291 3630; x_wconf 84' lang='lat' dir='ltr'>foeditas</span> <span class='ocrx_word' id='word_1_227' title='bbox 306 3587 377 3641; x_wconf 82' lang='lat' dir='ltr'>erat,</span> <span class='ocrx_word' id='word_1_228' title='bbox 396 3587 468 3628; x_wconf 87' lang='lat' dir='ltr'>tanta</span> <span class='ocrx_word' id='word_1_229' title='bbox 484 3571 578 3625; x_wconf 88' lang='lat' dir='ltr'>oculo·</span> <span class='ocrx_word' id='word_1_230' title='bbox 623 3580 677 3621; x_wconf 81' lang='lat' dir='ltr'>ture</span> <span class='ocrx_word' id='word_1_231' title='bbox 689 3585 785 3620; x_wconf 84' lang='lat' dir='ltr'>veneno</span> <span class='ocrx_word' id='word_1_232' title='bbox 800 3565 897 3617; x_wconf 87' lang='lat' dir='ltr'>dicitur</span> <span class='ocrx_word' id='word_1_233' title='bbox 912 3563 1011 3616; x_wconf 88' lang='lat' dir='ltr'>Neron.</span> <span class='ocrx_word' id='word_1_234' title='bbox 1029 3562 1071 3616; x_wconf 83' lang='lat'>35.</span> <span class='ocrx_word' id='word_1_235' title='bbox 1086 3595 1122 3604; x_wconf 94' lang='lat'><em>-</em></span> 
     </span>
     <span class='ocr_line' id='line_1_31' title="bbox 93 3645 1121 3708; baseline -0.01 -3"><span class='ocrx_word' id='word_1_236' title='bbox 93 3670 141 3704; x_wconf 82' lang='lat' dir='ltr'>ntu</span> <span class='ocrx_word' id='word_1_237' title='bbox 149 3656 195 3708; x_wconf 86' lang='lat' dir='ltr'>sub</span> <span class='ocrx_word' id='word_1_238' title='bbox 206 3657 294 3708; x_wconf 75' lang='lat' dir='ltr'>fronte</span> <span class='ocrx_word' id='word_1_239' title='bbox 304 3653 366 3708; x_wconf 89' lang='lat' dir='ltr'>anili</span> <span class='ocrx_word' id='word_1_240' title='bbox 378 3653 516 3706; x_wconf 87' lang='lat' dir='ltr'>latentium</span> <span class='ocrx_word' id='word_1_241' title='bbox 526 3665 579 3702; x_wconf 86' lang='lat' dir='ltr'>tar-</span> <span class='ocrx_word' id='word_1_242' title='bbox 622 3647 751 3701; x_wconf 85' lang='lat' dir='ltr'>Philtrum</span> <span class='ocrx_word' id='word_1_243' title='bbox 766 3661 854 3699; x_wconf 85' lang='lat' dir='ltr'>autem</span> <span class='ocrx_word' id='word_1_244' title='bbox 867 3645 959 3697; x_wconf 86' lang='lat' dir='ltr'>Caium</span> <span class='ocrx_word' id='word_1_245' title='bbox 976 3663 992 3695; x_wconf 86' lang='lat' dir='ltr'>a</span> <span class='ocrx_word' id='word_1_246' title='bbox 1005 3645 1121 3696; x_wconf 82' lang='lat' dir='ltr'>Caesonia</span> 
     </span>
     <span class='ocr_line' id='line_1_32' title="bbox 94 3722 1121 3806; baseline -0.01 -22"><span class='ocrx_word' id='word_1_247' title='bbox 94 3733 166 3800; x_wconf 79' lang='lat' dir='ltr'>vitas,</span> <span class='ocrx_word' id='word_1_248' title='bbox 190 3748 263 3787; x_wconf 84' lang='lat' dir='ltr'>tanta</span> <span class='ocrx_word' id='word_1_249' title='bbox 290 3736 385 3806; x_wconf 86' lang='lat' dir='ltr'>capitis</span> <span class='ocrx_word' id='word_1_250' title='bbox 410 3734 528 3786; x_wconf 83' lang='lat' dir='ltr'>destituti</span> <span class='ocrx_word' id='word_1_251' title='bbox 552 3745 578 3782; x_wconf 90' lang='lat' dir='ltr'>et</span> <span class='ocrx_word' id='word_1_252' title='bbox 622 3729 771 3801; x_wconf 82' lang='lat' dir='ltr'>accepisse,</span> <span class='ocrx_word' id='word_1_253' title='bbox 786 3722 859 3798; x_wconf 86' lang='lat' dir='ltr'>quod</span> <span class='ocrx_word' id='word_1_254' title='bbox 875 3726 901 3776; x_wconf 87' lang='lat' dir='ltr'>in</span> <span class='ocrx_word' id='word_1_255' title='bbox 918 3725 1045 3776; x_wconf 85' lang='lat' dir='ltr'>insaniam</span> <span class='ocrx_word' id='word_1_256' title='bbox 1060 3742 1121 3774; x_wconf 85' lang='lat' dir='ltr'>ver-</span> 
     </span>
     <span class='ocr_line' id='line_1_33' title="bbox 94 3800 1120 3888; baseline -0.01 -26"><span class='ocrx_word' id='word_1_257' title='bbox 94 3813 249 3868; x_wconf 72' lang='lat' dir='ltr'>mendicatis</span> <span class='ocrx_word' id='word_1_258' title='bbox 261 3814 363 3888; x_wconf 84' lang='lat' dir='ltr'>capillis</span> <span class='ocrx_word' id='word_1_259' title='bbox 378 3814 478 3885; x_wconf 86' lang='lat' dir='ltr'>aspersi</span> <span class='ocrx_word' id='word_1_260' title='bbox 489 3809 578 3862; x_wconf 81' lang='lat' dir='ltr'>‹lefor-</span> <span class='ocrx_word' id='word_1_261' title='bbox 622 3809 695 3874; x_wconf 86' lang='lat' dir='ltr'>terit,</span> <span class='ocrx_word' id='word_1_262' title='bbox 707 3817 827 3857; x_wconf 81' lang='lat' dir='ltr'>auctores</span> <span class='ocrx_word' id='word_1_263' title='bbox 838 3803 916 3854; x_wconf 86' lang='lat' dir='ltr'>etiarn</span> <span class='ocrx_word' id='word_1_264' title='bbox 926 3800 1036 3873; x_wconf 76' lang='lat' dir='ltr'>loseph.</span> <span class='ocrx_word' id='word_1_265' title='bbox 1047 3801 1120 3868; x_wconf 77' lang='lat' dir='ltr'>xix,</span> 
     </span>
     <span class='ocr_line' id='line_1_34' title="bbox 93 3878 1043 3966; baseline -0.019 -21"><span class='ocrx_word' id='word_1_266' title='bbox 93 3893 166 3945; x_wconf 71' lang='lat' dir='ltr'>uiua.</span> <span class='ocrx_word' id='word_1_267' title='bbox 175 3894 268 3966; x_wconf 74' lang='lat' dir='ltr'>Adjice</span> <span class='ocrx_word' id='word_1_268' title='bbox 278 3893 412 3946; x_wconf 81' lang='lat' dir='ltr'>obsessam</span> <span class='ocrx_word' id='word_1_269' title='bbox 423 3893 485 3944; x_wconf 87' lang='lat' dir='ltr'>setis</span> <span class='ocrx_word' id='word_1_270' title='bbox 498 3891 578 3942; x_wconf 88' lang='lat' dir='ltr'>cervi·</span> <span class='ocrx_word' id='word_1_271' title='bbox 624 3902 653 3951; x_wconf 77' lang='lat' dir='ltr'>a,</span> <span class='ocrx_word' id='word_1_272' title='bbox 668 3898 694 3936; x_wconf 92' lang='lat' dir='ltr'>et</span> <span class='ocrx_word' id='word_1_273' title='bbox 706 3880 826 3936; x_wconf 78' lang='lat' dir='ltr'>Juvenal.</span> <span class='ocrx_word' id='word_1_274' title='bbox 837 3883 885 3946; x_wconf 78' lang='lat' dir='ltr'>Vl,</span> <span class='ocrx_word' id='word_1_275' title='bbox 898 3878 966 3932; x_wconf 79' lang='lat'>616:</span> <span class='ocrx_word' id='word_1_276' title='bbox 1038 3950 1043 3961; x_wconf 54' lang='lat'><strong>,</strong></span> 
     </span>
    </p>

    <p class='ocr_par' dir='ltr' id='par_1_7' title="bbox 93 3964 1037 4038">
     <span class='ocr_line' id='line_1_35' title="bbox 93 3964 1037 4038; baseline -0.007 -18"><span class='ocrx_word' id='word_1_277' title='bbox 93 3972 579 4038; x_wconf 75' lang='lat' dir='ltr'>cero‚etexilitatemcrurum‚etanor·</span> <span class='ocrx_word' id='word_1_278' title='bbox 1027 3964 1037 3991; x_wconf 81' lang='lat'><strong>⁸</strong></span> 
     </span>
    </p>
   </div>
   <div class='ocr_carea' id='block_1_6' title="bbox 93 4007 1120 4215">
    <p class='ocr_par' dir='ltr' id='par_1_8' title="bbox 93 3965 1120 4215">
     <span class='ocr_line' id='line_1_36' title="bbox 93 4007 1120 4126; baseline -0.019 3"><span class='ocrx_word' id='word_1_279' title='bbox 93 4052 338 4126; x_wconf 58' lang='lat' dir='ltr'>suasi...</span> <span class='ocrx_word' id='word_1_280' title='bbox 623 4007 1120 4125; x_wconf 56' lang='lat' dir='ltr'>ansa..</span> 
     </span>
     <span class='ocr_line' id='line_1_37' title="bbox 125 4133 708 4215; baseline -0.017 -23"><span class='ocrx_word' id='word_1_281' title='bbox 125 4158 148 4192; x_wconf 81' lang='lat' dir='ltr'>a.</span> <span class='ocrx_word' id='word_1_282' title='bbox 159 4142 307 4215; x_wconf 74' lang='lat' dir='ltr'>Impatiens</span> <span class='ocrx_word' id='word_1_283' title='bbox 316 4138 449 4203; x_wconf 80' lang='lat' dir='ltr'>laborum,</span> <span class='ocrx_word' id='word_1_284' title='bbox 460 4149 509 4190; x_wconf 86' lang='lat' dir='ltr'>etc.</span> <span class='ocrx_word' id='word_1_285' title='bbox 523 4137 579 4187; x_wconf 81' lang='lat' dir='ltr'>Ma·</span> <span class='ocrx_word' id='word_1_286' title='bbox 623 4137 632 4177; x_wconf 88' lang='grc'>1</span> <span class='ocrx_word' id='word_1_287' title='bbox 648 4133 708 4178; x_wconf 77' lang='lat' dir='ltr'>fudit.</span> 
     </span>
    </p>
   </div>
   <div class='ocr_carea' id='block_1_7' title="bbox 91 4205 1121 4294">
    <p class='ocr_par' dir='ltr' id='par_1_9' title="bbox 91 4205 1121 4294">
     <span class='ocr_line' id='line_1_38' title="bbox 91 4205 1121 4294; baseline -0.013 -23"><span class='ocrx_word' id='word_1_288' title='bbox 91 4219 131 4272; x_wconf 86' lang='lat' dir='ltr'>lim</span> <span class='ocrx_word' id='word_1_289' title='bbox 144 4223 203 4273; x_wconf 68' lang='lat' dir='ltr'>Mem</span> <span class='ocrx_word' id='word_1_290' title='bbox 214 4241 263 4294; x_wconf 90' lang='lat' dir='ltr'>pro</span> <span class='ocrx_word' id='word_1_291' title='bbox 274 4222 319 4274; x_wconf 88' lang='lat' dir='ltr'>ita.</span> <span class='ocrx_word' id='word_1_292' title='bbox 333 4221 502 4289; x_wconf 84' lang='lat' dir='ltr'>Quamquam</span> <span class='ocrx_word' id='word_1_293' title='bbox 513 4234 580 4286; x_wconf 84' lang='lat' dir='ltr'>puer</span> <span class='ocrx_word' id='word_1_294' title='bbox 659 4213 684 4279; x_wconf 74' lang='grc'>4.</span> <span class='ocrx_word' id='word_1_295' title='bbox 704 4213 847 4265; x_wconf 80' lang='lat' dir='ltr'>Intomnia.</span> <span class='ocrx_word' id='word_1_296' title='bbox 868 4209 908 4262; x_wconf 82' lang='grc' dir='ltr'>ΑΙ.</span> <span class='ocrx_word' id='word_1_297' title='bbox 928 4209 1070 4272; x_wconf 83' lang='lat' dir='ltr'>insomnio,</span> <span class='ocrx_word' id='word_1_298' title='bbox 1088 4205 1121 4258; x_wconf 83' lang='lat' dir='ltr'>da</span> 
     </span>
    </p>
   </div>
   <div class='ocr_carea' id='block_1_8' title="bbox 0 0 1542 5148">
    <p class='ocr_par' dir='ltr' id='par_1_10' title="bbox 0 0 1542 5148">
     <span class='ocr_line' id='line_1_39' title="bbox 0 0 1542 5148; baseline 0 0"><span class='ocrx_word' id='word_1_299' title='bbox 0 0 1542 5148; x_wconf 95' lang='lat' dir='ltr'> </span> 
     </span>
    </p>
   </div>
  </div>
 </body>
</html>
