3066 5148
417 507 461 574 7⁰
788 483 824 547 G.
850 479 1085 549 SUETONH

415 625 489 678 tum
507 611 588 678 artis
601 608 734 693 darent,
754 632 875 678 cruore
892 632 994 678 scena
1011 607 1206 680 abundavit.
1226 609 1403 686 Parabatur
1416 627 1445 679 et

415 725 452 788 in
466 738 598 794 noctem
617 719 863 814 spectaculum,
885 744 953 815 quo
972 739 1172 813 argumenta
1191 721 1374 791 inferorum
1391 747 1445 816 per

415 834 587 927 AEgyptios
603 848 635 900 et
645 831 816 925 AEthiopas
828 831 1086 925 explicarentur.

462 947 580 1010 LVIII.
591 945 688 1010 Nono
698 941 865 1010 Kalendas
876 943 1089 1026 Februarias,
1102 942 1185 1011 hora
1194 945 1293 1038 quasi
1302 946 1445 1036 septima,

415 1069 612 1136 cunctatus,
631 1077 676 1122 an
693 1053 736 1121 ad
755 1052 936 1146 prandium
953 1063 1140 1147 surgerot¹,
1161 1073 1333 1125 marcente
1348 1053 1447 1122 adhuc

415 1164 588 1233 stomacho
603 1163 745 1256 pridiani
756 1163 822 1232 cibi
834 1188 953 1248 onere,
963 1166 1101 1234 tandem
1114 1164 1334 1234 suadentibus
1345 1167 1448 1232 amicis

416 1297 571 1367 egressus
589 1289 651 1342 est.
672 1278 786 1360 Quum
805 1275 840 1342 in
859 1291 992 1369 crypta,
1013 1300 1075 1369 per
1096 1300 1199 1370 quam
1217 1273 1449 1344 transeundum

416 1400 503 1466 erat,
523 1386 620 1476 pueri
638 1383 769 1454 nobiles
788 1408 829 1453 ex
846 1388 924 1452 Asia
940 1383 985 1452 ad
1003 1382 1149 1453 edendas
1170 1388 1205 1454 in
1225 1409 1326 1453 scena
1342 1405 1448 1476 operas

417 1495 545 1561 evocati
560 1511 847 1587 praepararentur,
864 1511 902 1562 ut
918 1519 975 1563 eos
991 1497 1172 1588 inspiceret
1186 1494 1449 1587 hortareturque,

415 1603 568 1670 restitit².
580 1607 642 1686 Ac,
655 1605 720 1670 nisi
732 1606 888 1698 princeps
901 1606 1009 1698 gregis
1023 1603 1135 1698 algere
1146 1629 1183 1674 se
1194 1604 1338 1688 diceret,
1351 1599 1448 1669 redire

416 1734 456 1778 ac
482 1727 723 1804 repraesentare
751 1711 982 1806 spectaculum
1009 1709 1149 1781 voluit³.
1180 1712 1316 1806 Duplex
1341 1709 1449 1778 debinc

416 1821 506 1888 fama
524 1838 584 1891 est.
605 1820 668 1890 dlii
687 1821 845 1905 tradunt,
866 1822 1053 1919 alloquenti
1073 1847 1197 1916 pueros
1216 1849 1238 1891 a
1257 1841 1352 1918 tergo
1368 1820 1449 1888 cha

417 1957 510 2004 ream
521 1936 686 2003 cervicem
704 1932 814 2024 gladio
829 1937 942 2030 cresim
958 1937 1104 2026 graviter
1119 1933 1360 2028 percussisset,
1377 1954 1450 2025 prs⁴

418 2193 919 2262 ostisdabasst,fictumvelartiliciosum
962 2193 1282 2262 turEmest.,utsaltem
1291 2191 1450 2245 baudreces·

419 2274 589 2344 sanquinem,
599 2266 790 2339 ιῖμιιτιχιπὸι,
799 2277 918 2327 certatim
962 2277 1031 2328 saria
1039 2274 1170 2342 rideatur,
1182 2293 1264 2347 quam
1270 2271 1389 2327 Oudend⁴
1397 2288 1451 2341 pro·

419 2366 587 2419 evomentes,
599 2369 681 2423 quum
692 2355 833 2424 primarius
844 2366 920 2406 actor
963 2352 1023 2406 tulit
1032 2353 1220 2426 probavitque,
1228 2355 1365 2424 ingeniosa
1373 2363 1450 2402 tamen

420 2431 457 2484 ob
470 2431 566 2484 tabule
577 2443 758 2502 argumentum
767 2431 794 2483 id
804 2433 919 2486 lecisset.
963 2435 1117 2504 conjectura
1131 2434 1225 2504 Hupsii
1239 2432 1425 2502 sortiretrsrque,
1434 2427 1448 2475 i.

419 2509 490 2564 Male
504 2509 622 2562 bromius
634 2525 680 2561 eos
690 2509 771 2561 fuisse
783 2507 861 2576 dicit,
874 2511 921 2581 qui
965 2533 989 2566 e.
1003 2524 1074 2566 sorte
1086 2512 1256 2586 disponeret,
1271 2529 1348 2584 quarn
1360 2507 1451 2559 liemare

419 2588 529 2640 minoris
539 2588 666 2638 momenti
675 2605 801 2658 personas
814 2602 921 2659 agerent
965 2590 1053 2644 studet
1064 2591 1125 2645 loco
1139 2595 1241 2646 Neron.
1255 2609 1303 2659 nr,
1316 2587 1362 2642 ubi
1372 2585 1403 2639 de
1413 2582 1450 2638 uli

420 2664 586 2738 (brseeonds
596 2663 686 2736 retes),
695 2683 853 2738 quamquam
864 2666 920 2719 aliis
965 2668 1171 2723 citharoedorum
1185 2673 1326 2724 sortitione
1337 2684 1425 2722 memo.

420 2745 489 2797 locis
509 2757 571 2816 epta
592 2742 649 2795 huc
671 2758 709 2796 est
729 2747 919 2817 interpretatio.
1002 2749 1027 2801 3.
1046 2749 1101 2816 Ac,
1117 2751 1205 2803 nist...
1221 2752 1353 2804 diceret...
1370 2744 1450 2800 noluit.

421 2827 539 2882 Omnino
554 2823 588 2878 de
604 2825 772 2878 antedonem
789 2839 816 2879 et
834 2828 923 2879 tertia-
966 2828 1066 2882 Eadem
1077 2831 1162 2882 forma
1172 2849 1235 2895 nos,
1246 2829 1452 2884 indicatisotsn·

420 2923 481 2959 ruse
497 2903 614 2977 panium
631 2905 758 2957 omnbus
769 2904 829 2958 side
844 2904 923 2958 docte
966 2927 1035 2980 pore
1056 2907 1281 2981 subjunctivoque
1301 2902 1452 2976 conjunctis,

422 2987 594 3041 disserentem
604 2983 742 3058 bulenger.
751 2985 785 3040 de
792 2985 924 3054 Theatra,
970 2989 1025 3039 aar
1042 2987 1060 3040 il
1078 2989 1195 3040 roumalt
1211 3005 1258 3040 sur
1275 3005 1317 3040 ses
1333 3001 1379 3058 pas
1393 2995 1453 3052 p0¹²¹

421 3073 449 3138 l,
464 3085 490 3140 7.
971 3085 983 3110 ι
993 3063 1058 3116 faire
1070 3082 1238 3117 commences
1248 3064 1274 3118 le
1285 3059 1424 3136 spectacla,
1435 3055 1454 3106 si

458 3147 546 3201 Lvnl.
561 3161 584 3196 ι.
596 3145 746 3210 Cunctatus,
756 3164 792 3197 uss
802 3145 838 3197 ad
844 3163 924 3218 pme-
971 3162 983 3187 α
992 3140 1017 3192 le
1024 3141 1089 3194 olref
1092 3143 1126 3195 de
1134 3142 1160 3194 la
1169 3155 1267 3216 troupe
1276 3163 1311 3196 ne
1319 3141 1355 3194 lui
1363 3141 1405 3190 etit
1411 3151 1452 3206 pst

423 3226 497 3279 dium
505 3235 617 3296 srrryeret
624 3244 633 3285 ‚-
642 3222 777 3276 etlreatro.
788 3224 923 3290 Dio,LlX,
971 3221 1041 3286 adis,
1050 3233 1101 3273 etc.
1112 3221 1246 3274 attacus.
1259 3221 1309 3288 58,
1322 3231 1422 3288 ¹1¹qu
1430 3213 1452 3262 5⁰

424 3304 509 3372 29,in
521 3304 581 3372 ipse
593 3298 696 3352 theatro
707 3303 798 3354 Caium
810 3315 923 3354 eeteros·
967 3299 1127 3352 Britanniam
1138 3303 1293 3368 tremuerit,
1306 3297 1355 3350 uisi
1359 3331 1401 3346 .....
1414 3307 1452 3342 ⁶³·

423 3399 476 3454 que
491 3380 576 3433 edisse
593 3395 625 3430 ac
641 3377 739 3430 bibisse
754 3393 852 3433 narrat.
868 3383 923 3434 Au·
965 3379 1090 3451 plorasset
1096 3403 1127 3442 ,··
1144 3383 1227 3434 Tacit.
1240 3380 1336 3435 Annal.
1347 3377 1397 3442 xl,
1410 3370 1453 3437 34,

423 3473 497 3513 otore
507 3455 640 3528 dumpho,
650 3457 784 3527 Asprenas
795 3478 855 3512 eum
868 3479 924 3512 mo·
970 3483 982 3507 ι
991 3479 1040 3514 nec
1053 3463 1136 3516 multo
1151 3477 1225 3533 post.
1235 3500 1243 3516 .
1253 3501 1276 3514 ..
1291 3457 1455 3534 offerebantur

422 3539 494 3606 nuit,
506 3551 536 3589 ut
547 3536 617 3588 lotus
629 3553 796 3608 prensosque
807 3552 923 3591 reverta·
968 3536 1121 3596 communes
1141 3543 1233 3610 liberi,
1255 3545 1307 3597 nisi
1328 3537 1454 3592 Narcissus

422 3630 509 3685 retur,
517 3618 561 3668 vix
569 3615 709 3668 differente
718 3618 811 3688 inipso
819 3618 923 3672 theatro
968 3623 1085 3673 amoueri
1096 3639 1142 3674 eos
1146 3624 1263 3693 jussisset
1268 3645 1298 3684 μ
1310 3618 1391 3682 idem,
1401 3630 1452 3682 αρ-

422 3695 529 3750 Chaerea
539 3695 690 3766 negotium,
702 3714 783 3767 quum
794 3695 860 3750 hora
867 3701 923 3767 jam
968 3702 1017 3773 37,
1029 3703 1078 3754 «ni
1088 3701 1187 3755 cedern
1198 3705 1339 3756 Narcissus
1347 3709 1454 3772 proper*

424 3788 494 3828 ‘⁸⁸01
505 3791 577 3826 ”⁰¹¹⁶
588 3772 649 3825 diei·
967 3781 1054 3846 visset,
1067 3792 1177 3834 certem
1184 3784 1315 3854 pernicies
1326 3781 1352 3831 in
1361 3786 1455 3829 actm·

460 3871 485 3908 α.
506 3854 594 3924 Quum
610 3853 922 3923 iecrypta....rests‘ts't.
967 3872 1083 3912 toreama
1101 3861 1225 3933 Princeps
1234 3861 1320 3936 pripek
1332 3869 1370 3910 est
1382 3849 1454 3920 magl-

422 3932 489 3986 vide
502 3931 581 3984 Dion.
597 3943 623 3982 et
634 3929 743 4001 Joseph.
756 3961 792 3972 —·
802 3933 924 3986 Honore*
968 3951 1021 3990 ster
1031 3956 1175 4009 puerorum
1186 3943 1358 3993 scenicorum.
1366 3935 1454 4002 depr*

422 4023 533 4087 utrque,-
552 4009 609 4064 soil.
627 4023 659 4062 ut
675 4023 763 4081 partes
780 4030 842 4066 suas
855 4013 923 4067 bene
966 4027 1067 4070 sertore
1077 4018 1269 4090 spectaculum,-
1282 4018 1383 4078 surim,
1394 4025 1454 4061 eve·

422 4103 549 4166 egerent,
565 4109 620 4162 quo
639 4091 754 4162 pertinet
774 4109 835 4144 mox
855 4093 923 4147 ollo-
968 4099 1058 4168 stigio,
1070 4097 1194 4151 exhibere
1205 4097 1316 4172 popule.

421 4171 626 4244 apsentissume,
638 4181 669 4222 ut
683 4181 753 4224 recte
765 4170 923 4243 interpreta-
1004 4177 1029 4242 4.
1046 4171 1177 4230 Classem
1191 4179 1351 4231 cerm'cem..··
1361 4179 1453 4243 pm*
