<?xml version="1.0" encoding="UTF-8"?>
<!DOCTYPE html PUBLIC "-//W3C//DTD XHTML 1.0 Transitional//EN"
    "http://www.w3.org/TR/xhtml1/DTD/xhtml1-transitional.dtd">
<html xmlns="http://www.w3.org/1999/xhtml" xml:lang="en" lang="en">
 <head>
  <title>
</title>
<meta http-equiv="Content-Type" content="text/html;charset=utf-8" />
  <meta name='ocr-system' content='tesseract 3.04.00' />
  <meta name='ocr-capabilities' content='ocr_page ocr_carea ocr_par ocr_line ocrx_word'/>
</head>
<body>
  <div class='ocr_page' id='page_1' title='image "./csuetoniitranqu00suetgoog_0028.png"; bbox 0 0 3066 5148; ppageno 0'>
   <div class='ocr_carea' id='block_1_1' title="bbox 391 505 1058 576">
    <p class='ocr_par' dir='ltr' id='par_1_1' title="bbox 391 505 1058 576">
     <span class='ocr_line' id='line_1_1' title="bbox 391 505 1058 576; baseline -0.007 0"><span class='ocrx_word' id='word_1_1' title='bbox 391 510 429 576; x_wconf 83' lang='lat'><strong>16</strong></span> <span class='ocrx_word' id='word_1_2' title='bbox 761 509 798 571; x_wconf 88' lang='lat' dir='ltr'><strong>G.</strong></span> <span class='ocrx_word' id='word_1_3' title='bbox 824 505 1058 573; x_wconf 85' lang='lat' dir='ltr'>SUETONII</span> 
     </span>
    </p>
   </div>
   <div class='ocr_carea' id='block_1_2' title="bbox 381 634 1470 2276">
    <p class='ocr_par' dir='ltr' id='par_1_2' title="bbox 383 634 1470 1395">
     <span class='ocr_line' id='line_1_2' title="bbox 385 634 1470 731; baseline 0.006 -29"><span class='ocrx_word' id='word_1_4' title='bbox 385 635 476 731; x_wconf 90' lang='lat' dir='ltr'><strong>plebi</strong></span> <span class='ocrx_word' id='word_1_5' title='bbox 488 634 628 703; x_wconf 85' lang='lat' dir='ltr'><strong>urbanoe</strong></span> <span class='ocrx_word' id='word_1_6' title='bbox 644 635 688 702; x_wconf 94' lang='lat' dir='ltr'><strong>ob</strong></span> <span class='ocrx_word' id='word_1_7' title='bbox 700 637 900 703; x_wconf 90' lang='lat' dir='ltr'><strong>memoriam</strong></span> <span class='ocrx_word' id='word_1_8' title='bbox 911 636 1103 703; x_wconf 84' lang='lat' dir='ltr'><strong>Germanici</strong></span> <span class='ocrx_word' id='word_1_9' title='bbox 1116 638 1239 728; x_wconf 87' lang='lat' dir='ltr'><strong>patris,</strong></span> <span class='ocrx_word' id='word_1_10' title='bbox 1257 640 1431 711; x_wconf 81' lang='lat' dir='ltr'><strong>miseratio</strong></span> <span class='ocrx_word' id='word_1_11' title='bbox 1465 703 1470 708; x_wconf 89' lang='lat'><strong>.</strong></span> 
     </span>
     <span class='ocr_line' id='line_1_3' title="bbox 385 745 1431 843; baseline 0.004 -27"><span class='ocrx_word' id='word_1_12' title='bbox 385 771 532 843; x_wconf 85' lang='lat' dir='ltr'>nemque</span> <span class='ocrx_word' id='word_1_13' title='bbox 546 771 652 840; x_wconf 88' lang='lat' dir='ltr'>prope</span> <span class='ocrx_word' id='word_1_14' title='bbox 668 745 802 814; x_wconf 76' lang='lat' dir='ltr'><strong>afflicta</strong></span> <span class='ocrx_word' id='word_1_15' title='bbox 818 746 970 822; x_wconf 84' lang='lat' dir='ltr'><strong>domus².</strong></span> <span class='ocrx_word' id='word_1_16' title='bbox 988 751 1106 840; x_wconf 84' lang='lat' dir='ltr'><strong>ltaque</strong></span> <span class='ocrx_word' id='word_1_17' title='bbox 1120 762 1160 814; x_wconf 93' lang='lat' dir='ltr'><strong>ut</strong></span> <span class='ocrx_word' id='word_1_18' title='bbox 1172 770 1194 813; x_wconf 91' lang='lat' dir='ltr'><strong>a</strong></span> <span class='ocrx_word' id='word_1_19' title='bbox 1204 751 1354 818; x_wconf 79' lang='lat' dir='ltr'><strong>Miseno³</strong></span> <span class='ocrx_word' id='word_1_20' title='bbox 1365 777 1431 820; x_wconf 90' lang='lat' dir='ltr'><strong>mo-</strong></span> 
     </span>
     <span class='ocr_line' id='line_1_4' title="bbox 384 854 1430 954; baseline 0.003 -28"><span class='ocrx_word' id='word_1_21' title='bbox 384 863 449 942; x_wconf 85' lang='lat' dir='ltr'><strong>vit,</strong></span> <span class='ocrx_word' id='word_1_22' title='bbox 459 861 612 952; x_wconf 75' lang='lat' dir='ltr'><strong>quamtis</strong></span> <span class='ocrx_word' id='word_1_23' title='bbox 621 857 769 950; x_wconf 73' lang='lat' dir='ltr'><strong>lugentis</strong></span> <span class='ocrx_word' id='word_1_24' title='bbox 777 854 910 954; x_wconf 84' lang='lat' dir='ltr'><strong>habitu,</strong></span> <span class='ocrx_word' id='word_1_25' title='bbox 922 869 956 924; x_wconf 90' lang='lat' dir='ltr'><strong>et</strong></span> <span class='ocrx_word' id='word_1_26' title='bbox 964 856 1066 922; x_wconf 86' lang='lat' dir='ltr'><strong>funus</strong></span> <span class='ocrx_word' id='word_1_27' title='bbox 1079 855 1203 923; x_wconf 91' lang='lat' dir='ltr'><strong>Tiberii</strong></span> <span class='ocrx_word' id='word_1_28' title='bbox 1212 882 1430 954; x_wconf 84' lang='lat' dir='ltr'><strong>prosequens,</strong></span> 
     </span>
     <span class='ocr_line' id='line_1_5' title="bbox 385 964 1432 1062; baseline 0 -23"><span class='ocrx_word' id='word_1_29' title='bbox 385 987 498 1040; x_wconf 87' lang='lat' dir='ltr'><strong>tamen</strong></span> <span class='ocrx_word' id='word_1_30' title='bbox 513 971 602 1034; x_wconf 90' lang='lat' dir='ltr'><strong>inter</strong></span> <span class='ocrx_word' id='word_1_31' title='bbox 615 968 732 1035; x_wconf 84' lang='lat' dir='ltr'><strong>altaria</strong></span> <span class='ocrx_word' id='word_1_32' title='bbox 745 983 778 1034; x_wconf 92' lang='lat' dir='ltr'><strong>et</strong></span> <span class='ocrx_word' id='word_1_33' title='bbox 789 969 957 1050; x_wconf 87' lang='lat' dir='ltr'><strong>victimas,</strong></span> <span class='ocrx_word' id='word_1_34' title='bbox 974 964 1198 1062; x_wconf 82' lang='lat' dir='ltr'><strong>ardentesque</strong></span> <span class='ocrx_word' id='word_1_35' title='bbox 1214 967 1342 1055; x_wconf 73' lang='lat' dir='ltr'><strong>tedasl,</strong></span> <span class='ocrx_word' id='word_1_36' title='bbox 1360 970 1432 1040; x_wconf 90' lang='lat' dir='ltr'><strong>den·</strong></span> 
     </span>
     <span class='ocr_line' id='line_1_6' title="bbox 385 1076 1431 1174; baseline -0.001 -25"><span class='ocrx_word' id='word_1_37' title='bbox 385 1083 518 1150; x_wconf 91' lang='lat' dir='ltr'><strong>sissimo</strong></span> <span class='ocrx_word' id='word_1_38' title='bbox 542 1095 575 1145; x_wconf 90' lang='lat' dir='ltr'><strong>et</strong></span> <span class='ocrx_word' id='word_1_39' title='bbox 602 1077 774 1146; x_wconf 86' lang='lat' dir='ltr'><strong>laetissimo</strong></span> <span class='ocrx_word' id='word_1_40' title='bbox 797 1076 975 1146; x_wconf 91' lang='lat' dir='ltr'><strong>obviorum</strong></span> <span class='ocrx_word' id='word_1_41' title='bbox 998 1079 1132 1169; x_wconf 77' lang='lat' dir='ltr'><strong>agmine</strong></span> <span class='ocrx_word' id='word_1_42' title='bbox 1155 1079 1309 1162; x_wconf 83' lang='lat' dir='ltr'><strong>incessit,</strong></span> <span class='ocrx_word' id='word_1_43' title='bbox 1335 1105 1431 1174; x_wconf 90' lang='lat' dir='ltr'><strong>super</strong></span> 
     </span>
     <span class='ocr_line' id='line_1_7' title="bbox 383 1187 1432 1283; baseline -0.002 -25"><span class='ocrx_word' id='word_1_44' title='bbox 383 1191 495 1258; x_wconf 87' lang='lat' dir='ltr'><strong>fausta</strong></span> <span class='ocrx_word' id='word_1_45' title='bbox 508 1189 641 1256; x_wconf 88' lang='lat' dir='ltr'><strong>omina⁵</strong></span> <span class='ocrx_word' id='word_1_46' title='bbox 657 1191 744 1256; x_wconf 84' lang='lat' dir='ltr'><strong>sidus</strong></span> <span class='ocrx_word' id='word_1_47' title='bbox 758 1204 793 1256; x_wconf 90' lang='lat' dir='ltr'><strong>et</strong></span> <span class='ocrx_word' id='word_1_48' title='bbox 802 1188 929 1282; x_wconf 84' lang='lat' dir='ltr'><strong>pullum</strong></span> <span class='ocrx_word' id='word_1_49' title='bbox 941 1204 975 1254; x_wconf 90' lang='lat' dir='ltr'><strong>ct</strong></span> <span class='ocrx_word' id='word_1_50' title='bbox 983 1213 1127 1282; x_wconf 80' lang='lat' dir='ltr'><strong>puppam</strong></span> <span class='ocrx_word' id='word_1_51' title='bbox 1138 1203 1172 1254; x_wconf 90' lang='lat' dir='ltr'><strong>et</strong></span> <span class='ocrx_word' id='word_1_52' title='bbox 1185 1187 1368 1254; x_wconf 76' lang='grc' dir='ltr'><strong>αἱιιηιηιιηι6</strong></span> <span class='ocrx_word' id='word_1_53' title='bbox 1379 1215 1432 1283; x_wconf 89' lang='lat' dir='ltr'><strong>ap-</strong></span> 
     </span>
     <span class='ocr_line' id='line_1_8' title="bbox 384 1300 597 1395; baseline -0.014 -27"><span class='ocrx_word' id='word_1_54' title='bbox 384 1300 597 1395; x_wconf 75' lang='lat' dir='ltr'><strong>pellentium.</strong></span> 
     </span>
    </p>

    <p class='ocr_par' dir='ltr' id='par_1_3' title="bbox 381 1409 1432 2276">
     <span class='ocr_line' id='line_1_9' title="bbox 404 1409 1432 1504; baseline 0 -24"><span class='ocrx_word' id='word_1_55' title='bbox 404 1485 407 1498; x_wconf 28' lang='lat' dir='ltr'>y</span> <span class='ocrx_word' id='word_1_56' title='bbox 430 1417 517 1480; x_wconf 89' lang='lat' dir='ltr'>XIV.</span> <span class='ocrx_word' id='word_1_57' title='bbox 543 1414 768 1504; x_wconf 76' lang='lat' dir='ltr'><strong>Ingressoque</strong></span> <span class='ocrx_word' id='word_1_58' title='bbox 780 1409 925 1490; x_wconf 88' lang='lat' dir='ltr'><strong>Urbem,</strong></span> <span class='ocrx_word' id='word_1_59' title='bbox 941 1411 1054 1475; x_wconf 87' lang='lat' dir='ltr'><strong>statim</strong></span> <span class='ocrx_word' id='word_1_60' title='bbox 1069 1432 1239 1477; x_wconf 91' lang='lat' dir='ltr'><strong>consensu</strong></span> <span class='ocrx_word' id='word_1_61' title='bbox 1252 1413 1390 1479; x_wconf 88' lang='lat' dir='ltr'><strong>Senatus</strong></span> <span class='ocrx_word' id='word_1_62' title='bbox 1401 1429 1432 1480; x_wconf 93' lang='lat' dir='ltr'><strong>et</strong></span> 
     </span>
     <span class='ocr_line' id='line_1_10' title="bbox 383 1519 1430 1614; baseline 0 -26"><span class='ocrx_word' id='word_1_63' title='bbox 383 1523 602 1614; x_wconf 82' lang='lat' dir='ltr'><strong>irrumpentis</strong></span> <span class='ocrx_word' id='word_1_64' title='bbox 620 1523 656 1587; x_wconf 92' lang='lat' dir='ltr'><strong>in</strong></span> <span class='ocrx_word' id='word_1_65' title='bbox 672 1522 807 1587; x_wconf 89' lang='lat' dir='ltr'><strong>Curiam</strong></span> <span class='ocrx_word' id='word_1_66' title='bbox 827 1519 952 1604; x_wconf 79' lang='lat' dir='ltr'><strong>turbae,</strong></span> <span class='ocrx_word' id='word_1_67' title='bbox 970 1521 1065 1586; x_wconf 89' lang='lat' dir='ltr'><strong>irrita</strong></span> <span class='ocrx_word' id='word_1_68' title='bbox 1082 1519 1207 1587; x_wconf 88' lang='lat' dir='ltr'><strong>Tiberii</strong></span> <span class='ocrx_word' id='word_1_69' title='bbox 1227 1519 1430 1604; x_wconf 88' lang='lat' dir='ltr'><strong>¹voluntate,</strong></span> 
     </span>
     <span class='ocr_line' id='line_1_11' title="bbox 384 1630 1432 1726; baseline -0.002 -27"><span class='ocrx_word' id='word_1_70' title='bbox 384 1635 444 1726; x_wconf 92' lang='lat' dir='ltr'><strong>qui</strong></span> <span class='ocrx_word' id='word_1_71' title='bbox 457 1645 658 1700; x_wconf 89' lang='lat' dir='ltr'><strong>testamento</strong></span> <span class='ocrx_word' id='word_1_72' title='bbox 670 1630 813 1698; x_wconf 89' lang='lat' dir='ltr'><strong>alterum</strong></span> <span class='ocrx_word' id='word_1_73' title='bbox 824 1645 982 1721; x_wconf 85' lang='lat' dir='ltr'><strong>nepotem</strong></span> <span class='ocrx_word' id='word_1_74' title='bbox 997 1654 1116 1713; x_wconf 88' lang='lat' dir='ltr'><strong>suum,</strong></span> <span class='ocrx_word' id='word_1_75' title='bbox 1133 1647 1370 1722; x_wconf 77' lang='lat' dir='ltr'><strong>praetextatum</strong></span> <span class='ocrx_word' id='word_1_76' title='bbox 1380 1630 1432 1699; x_wconf 91' lang='lat' dir='ltr'><strong>ad-</strong></span> 
     </span>
     <span class='ocr_line' id='line_1_12' title="bbox 382 1737 1432 1833; baseline -0.001 -24"><span class='ocrx_word' id='word_1_77' title='bbox 382 1740 467 1825; x_wconf 91' lang='lat' dir='ltr'><strong>huc,</strong></span> <span class='ocrx_word' id='word_1_78' title='bbox 480 1739 681 1810; x_wconf 83' lang='lat' dir='ltr'><strong>coheredem</strong></span> <span class='ocrx_word' id='word_1_79' title='bbox 691 1742 721 1808; x_wconf 91' lang='lat' dir='ltr'><strong>ei</strong></span> <span class='ocrx_word' id='word_1_80' title='bbox 733 1737 887 1823; x_wconf 90' lang='lat' dir='ltr'><strong>dederat,</strong></span> <span class='ocrx_word' id='word_1_81' title='bbox 898 1738 956 1833; x_wconf 85' lang='lat' dir='ltr'><strong>jus</strong></span> <span class='ocrx_word' id='word_1_82' title='bbox 968 1739 1214 1833; x_wconf 81' lang='lat' dir='ltr'><strong>arbitriumque</strong></span> <span class='ocrx_word' id='word_1_83' title='bbox 1226 1743 1378 1808; x_wconf 92' lang='lat' dir='ltr'><strong>omnium</strong></span> <span class='ocrx_word' id='word_1_84' title='bbox 1388 1766 1432 1808; x_wconf 85' lang='lat' dir='ltr'><strong>re</strong></span> 
     </span>
     <span class='ocr_line' id='line_1_13' title="bbox 383 1848 1431 1947; baseline -0.001 -27"><span class='ocrx_word' id='word_1_85' title='bbox 383 1876 460 1920; x_wconf 90' lang='lat' dir='ltr'><strong>rum</strong></span> <span class='ocrx_word' id='word_1_86' title='bbox 477 1851 526 1920; x_wconf 92' lang='lat' dir='ltr'><strong>illi</strong></span> <span class='ocrx_word' id='word_1_87' title='bbox 545 1853 750 1947; x_wconf 89' lang='lat' dir='ltr'><strong>permissum</strong></span> <span class='ocrx_word' id='word_1_88' title='bbox 763 1867 829 1933; x_wconf 89' lang='lat' dir='ltr'><strong>est,</strong></span> <span class='ocrx_word' id='word_1_89' title='bbox 849 1865 943 1917; x_wconf 84' lang='lat' dir='ltr'><strong>tanta</strong></span> <span class='ocrx_word' id='word_1_90' title='bbox 961 1848 1097 1941; x_wconf 86' lang='lat' dir='ltr'><strong>publica</strong></span> <span class='ocrx_word' id='word_1_91' title='bbox 1114 1848 1252 1934; x_wconf 85' lang='lat' dir='ltr'><strong>laetitia,</strong></span> <span class='ocrx_word' id='word_1_92' title='bbox 1274 1867 1313 1918; x_wconf 90' lang='lat' dir='ltr'><strong>ut</strong></span> <span class='ocrx_word' id='word_1_93' title='bbox 1329 1850 1431 1919; x_wconf 86' lang='lat' dir='ltr'><strong>tribus</strong></span> 
     </span>
     <span class='ocr_line' id='line_1_14' title="bbox 382 1960 1432 2057; baseline 0 -27"><span class='ocrx_word' id='word_1_94' title='bbox 382 1966 544 2057; x_wconf 86' lang='lat' dir='ltr'><strong>proximis</strong></span> <span class='ocrx_word' id='word_1_95' title='bbox 563 1961 757 2045; x_wconf 89' lang='lat' dir='ltr'><strong>mensibus,</strong></span> <span class='ocrx_word' id='word_1_96' title='bbox 776 1986 816 2030; x_wconf 89' lang='lat' dir='ltr'><strong>ac</strong></span> <span class='ocrx_word' id='word_1_97' title='bbox 838 1985 881 2028; x_wconf 92' lang='lat' dir='ltr'><strong>ne</strong></span> <span class='ocrx_word' id='word_1_98' title='bbox 900 1963 978 2028; x_wconf 91' lang='lat' dir='ltr'><strong>totis</strong></span> <span class='ocrx_word' id='word_1_99' title='bbox 999 1960 1154 2055; x_wconf 88' lang='lat' dir='ltr'><strong>quidem,</strong></span> <span class='ocrx_word' id='word_1_100' title='bbox 1176 1986 1282 2055; x_wconf 89' lang='lat' dir='ltr'><strong>supra</strong></span> <span class='ocrx_word' id='word_1_101' title='bbox 1299 1979 1432 2030; x_wconf 88' lang='lat' dir='ltr'><strong>centum</strong></span> 
     </span>
     <span class='ocr_line' id='line_1_15' title="bbox 384 2069 1432 2164; baseline -0.002 -24"><span class='ocrx_word' id='word_1_102' title='bbox 384 2075 554 2164; x_wconf 79' lang='lat' dir='ltr'><strong>sexaginta</strong></span> <span class='ocrx_word' id='word_1_103' title='bbox 562 2070 667 2139; x_wconf 87' lang='lat' dir='ltr'><strong>millia</strong></span> <span class='ocrx_word' id='word_1_104' title='bbox 674 2072 887 2139; x_wconf 86' lang='lat' dir='ltr'><strong>victimarum</strong></span> <span class='ocrx_word' id='word_1_105' title='bbox 896 2093 983 2138; x_wconf 84' lang='lat' dir='ltr'><strong>caesa</strong></span> <span class='ocrx_word' id='word_1_106' title='bbox 992 2069 1179 2138; x_wconf 84' lang='lat' dir='ltr'><strong>tradantur.</strong></span> <span class='ocrx_word' id='word_1_107' title='bbox 1189 2078 1306 2158; x_wconf 90' lang='lat' dir='ltr'><strong>Quum</strong></span> <span class='ocrx_word' id='word_1_108' title='bbox 1314 2071 1432 2142; x_wconf 90' lang='lat' dir='ltr'><strong>deinde</strong></span> 
     </span>
     <span class='ocr_line' id='line_1_16' title="bbox 381 2180 1432 2276; baseline -0.001 -27"><span class='ocrx_word' id='word_1_109' title='bbox 381 2204 509 2275; x_wconf 89' lang='lat' dir='ltr'><strong>paucos</strong></span> <span class='ocrx_word' id='word_1_110' title='bbox 521 2197 599 2275; x_wconf 90' lang='lat' dir='ltr'><strong>post</strong></span> <span class='ocrx_word' id='word_1_111' title='bbox 612 2181 683 2248; x_wconf 91' lang='lat' dir='ltr'><strong>dies</strong></span> <span class='ocrx_word' id='word_1_112' title='bbox 696 2183 730 2247; x_wconf 89' lang='lat' dir='ltr'><strong>in</strong></span> <span class='ocrx_word' id='word_1_113' title='bbox 742 2182 912 2272; x_wconf 86' lang='lat' dir='ltr'><strong>proximas</strong></span> <span class='ocrx_word' id='word_1_114' title='bbox 923 2182 1115 2272; x_wconf 86' lang='lat' dir='ltr'><strong>Campaniae</strong></span> <span class='ocrx_word' id='word_1_115' title='bbox 1129 2181 1278 2249; x_wconf 86' lang='lat' dir='ltr'><strong>insulas²</strong></span> <span class='ocrx_word' id='word_1_116' title='bbox 1290 2180 1432 2276; x_wconf 87' lang='lat' dir='ltr'><strong>trajecis-</strong></span> 
     </span>
    </p>
   </div>
   <div class='ocr_carea' id='block_1_3' title="bbox 377 2363 1434 3236">
    <p class='ocr_par' dir='ltr' id='par_1_4' title="bbox 377 2363 1434 3236">
     <span class='ocr_line' id='line_1_17' title="bbox 379 2363 1431 2451; baseline -0.002 -21"><span class='ocrx_word' id='word_1_117' title='bbox 379 2379 477 2451; x_wconf 84' lang='lat' dir='ltr'><strong>pulum</strong></span> <span class='ocrx_word' id='word_1_118' title='bbox 490 2381 658 2444; x_wconf 66' lang='lat' dir='ltr'><strong>Romanum</strong></span> <span class='ocrx_word' id='word_1_119' title='bbox 675 2389 702 2428; x_wconf 90' lang='lat' dir='ltr'><strong>at</strong></span> <span class='ocrx_word' id='word_1_120' title='bbox 720 2375 797 2429; x_wconf 85' lang='lat' dir='ltr'><strong>simul</strong></span> <span class='ocrx_word' id='word_1_121' title='bbox 812 2394 885 2428; x_wconf 91' lang='lat' dir='ltr'><strong>com·</strong></span> <span class='ocrx_word' id='word_1_122' title='bbox 929 2373 1039 2442; x_wconf 61' lang='grc' dir='ltr'><strong>τρόφιμον</strong></span> <span class='ocrx_word' id='word_1_123' title='bbox 1059 2363 1214 2428; x_wconf 80' lang='lat' dir='ltr'><strong>Senatorum</strong></span> <span class='ocrx_word' id='word_1_124' title='bbox 1235 2375 1346 2429; x_wconf 87' lang='lat' dir='ltr'><strong>ferebat.</strong></span> <span class='ocrx_word' id='word_1_125' title='bbox 1366 2376 1431 2442; x_wconf 84' lang='lat' dir='ltr'><strong>Dio,</strong></span> 
     </span>
     <span class='ocr_line' id='line_1_18' title="bbox 380 2452 1042 2532; baseline -0.003 -21"><span class='ocrx_word' id='word_1_126' title='bbox 380 2459 506 2530; x_wconf 77' lang='lat' dir='ltr'><strong>plectitur</strong></span> <span class='ocrx_word' id='word_1_127' title='bbox 517 2475 599 2532; x_wconf 66' lang='lat' dir='ltr'><strong>penus</strong></span> <span class='ocrx_word' id='word_1_128' title='bbox 615 2455 768 2515; x_wconf 69' lang='lat' dir='ltr'><strong>hommum,-</strong></span> <span class='ocrx_word' id='word_1_129' title='bbox 782 2452 816 2505; x_wconf 86' lang='lat' dir='ltr'><strong>de</strong></span> <span class='ocrx_word' id='word_1_130' title='bbox 830 2472 884 2525; x_wconf 89' lang='lat' dir='ltr'><strong>quo</strong></span> <span class='ocrx_word' id='word_1_131' title='bbox 928 2459 1002 2523; x_wconf 85' lang='lat' dir='ltr'>LIX,</span> <span class='ocrx_word' id='word_1_132' title='bbox 1017 2457 1042 2509; x_wconf 90' lang='grc'><strong>6.</strong></span> 
     </span>
     <span class='ocr_line' id='line_1_19' title="bbox 381 2531 1431 2608; baseline 0 -20"><span class='ocrx_word' id='word_1_133' title='bbox 381 2549 518 2608; x_wconf 71' lang='lat' dir='ltr'><strong>zeugmate</strong></span> <span class='ocrx_word' id='word_1_134' title='bbox 528 2534 589 2588; x_wconf 82' lang='lat' dir='ltr'><strong>vide</strong></span> <span class='ocrx_word' id='word_1_135' title='bbox 599 2536 677 2586; x_wconf 78' lang='lat' dir='ltr'><strong>Paria.</strong></span> <span class='ocrx_word' id='word_1_136' title='bbox 690 2531 723 2584; x_wconf 91' lang='lat' dir='ltr'><strong>ad</strong></span> <span class='ocrx_word' id='word_1_137' title='bbox 735 2532 883 2599; x_wconf 79' lang='lat' dir='ltr'><strong>sanctium,</strong></span> <span class='ocrx_word' id='word_1_138' title='bbox 964 2537 1033 2588; x_wconf 85' lang='lat' dir='ltr'><strong>XIV.</strong></span> <span class='ocrx_word' id='word_1_139' title='bbox 1051 2553 1071 2588; x_wconf 87' lang='lat'><strong>1.</strong></span> <span class='ocrx_word' id='word_1_140' title='bbox 1085 2537 1163 2588; x_wconf 85' lang='lat' dir='ltr'><strong>Irrita</strong></span> <span class='ocrx_word' id='word_1_141' title='bbox 1175 2535 1275 2590; x_wconf 76' lang='lat' dir='ltr'><strong>Tiberii</strong></span> <span class='ocrx_word' id='word_1_142' title='bbox 1287 2535 1431 2596; x_wconf 80' lang='lat' dir='ltr'><strong>voluntate,-</strong></span> 
     </span>
     <span class='ocr_line' id='line_1_20' title="bbox 380 2613 1432 2687; baseline -0.002 -20"><span class='ocrx_word' id='word_1_143' title='bbox 380 2635 442 2687; x_wconf 74' lang='lat' dir='ltr'><strong>pag.</strong></span> <span class='ocrx_word' id='word_1_144' title='bbox 457 2633 518 2685; x_wconf 82' lang='lat'><strong>7¹²·</strong></span> <span class='ocrx_word' id='word_1_145' title='bbox 928 2614 962 2667; x_wconf 90' lang='lat' dir='ltr'><strong>de</strong></span> <span class='ocrx_word' id='word_1_146' title='bbox 974 2634 1026 2686; x_wconf 83' lang='lat' dir='ltr'><strong>qua</strong></span> <span class='ocrx_word' id='word_1_147' title='bbox 1037 2614 1096 2666; x_wconf 88' lang='lat' dir='ltr'><strong>vide</strong></span> <span class='ocrx_word' id='word_1_148' title='bbox 1105 2613 1165 2665; x_wconf 85' lang='lat' dir='ltr'><strong>Tib.</strong></span> <span class='ocrx_word' id='word_1_149' title='bbox 1178 2616 1220 2685; x_wconf 85' lang='lat'><strong>76.</strong></span> <span class='ocrx_word' id='word_1_150' title='bbox 1237 2617 1279 2669; x_wconf 83' lang='lat' dir='ltr'><strong>cf.</strong></span> <span class='ocrx_word' id='word_1_151' title='bbox 1290 2618 1354 2683; x_wconf 88' lang='lat' dir='ltr'><strong>Dio,</strong></span> <span class='ocrx_word' id='word_1_152' title='bbox 1363 2615 1432 2682; x_wconf 86' lang='lat' dir='ltr'>LIX,</span> 
     </span>
     <span class='ocr_line' id='line_1_21' title="bbox 418 2693 1434 2772; baseline -0.005 -23"><span class='ocrx_word' id='word_1_153' title='bbox 418 2714 442 2748; x_wconf 84' lang='lat' dir='ltr'><strong>a.</strong></span> <span class='ocrx_word' id='word_1_154' title='bbox 454 2698 540 2768; x_wconf 84' lang='lat' dir='ltr'><strong>Prope</strong></span> <span class='ocrx_word' id='word_1_155' title='bbox 548 2694 656 2772; x_wconf 78' lang='lat' dir='ltr'><strong>afflicte</strong></span> <span class='ocrx_word' id='word_1_156' title='bbox 665 2693 769 2760; x_wconf 80' lang='lat' dir='ltr'><strong>domus,</strong></span> <span class='ocrx_word' id='word_1_157' title='bbox 781 2705 821 2745; x_wconf 90' lang='lat' dir='ltr'><strong>tot</strong></span> <span class='ocrx_word' id='word_1_158' title='bbox 830 2693 883 2746; x_wconf 89' lang='lat' dir='ltr'><strong>cla·</strong></span> <span class='ocrx_word' id='word_1_159' title='bbox 931 2693 1146 2745; x_wconf 78' lang='lat' dir='ltr'><strong>1.-Colteredem</strong></span> <span class='ocrx_word' id='word_1_160' title='bbox 1155 2694 1434 2765; x_wconf 70' lang='lat' dir='ltr'><strong>imperiijnvenem&#39;l&#39;i·</strong></span> 
     </span>
     <span class='ocr_line' id='line_1_22' title="bbox 380 2772 1432 2845; baseline -0.003 -18"><span class='ocrx_word' id='word_1_161' title='bbox 380 2774 458 2827; x_wconf 85' lang='lat' dir='ltr'><strong>dibus</strong></span> <span class='ocrx_word' id='word_1_162' title='bbox 469 2777 525 2826; x_wconf 84' lang='lat' dir='ltr'><strong>fere</strong></span> <span class='ocrx_word' id='word_1_163' title='bbox 537 2772 652 2843; x_wconf 78' lang='lat' dir='ltr'><strong>dejecte.</strong></span> <span class='ocrx_word' id='word_1_164' title='bbox 927 2772 1030 2825; x_wconf 83' lang='lat' dir='ltr'><strong>barium</strong></span> <span class='ocrx_word' id='word_1_165' title='bbox 1044 2774 1218 2826; x_wconf 87' lang='lat' dir='ltr'><strong>constitutum</strong></span> <span class='ocrx_word' id='word_1_166' title='bbox 1231 2775 1329 2838; x_wconf 82' lang='lat' dir='ltr'><strong>fuisse,</strong></span> <span class='ocrx_word' id='word_1_167' title='bbox 1342 2785 1432 2845; x_wconf 79' lang='lat' dir='ltr'><strong>prater</strong></span> 
     </span>
     <span class='ocr_line' id='line_1_23' title="bbox 416 2849 1433 2926; baseline -0.006 -18"><span class='ocrx_word' id='word_1_168' title='bbox 416 2857 442 2908; x_wconf 88' lang='grc'><strong>3.</strong></span> <span class='ocrx_word' id='word_1_169' title='bbox 460 2854 487 2905; x_wconf 85' lang='grc' dir='ltr'><em>Α</em></span> <span class='ocrx_word' id='word_1_170' title='bbox 498 2854 616 2913; x_wconf 60' lang='lat' dir='ltr'><strong>Missam·</strong></span> <span class='ocrx_word' id='word_1_171' title='bbox 630 2849 677 2903; x_wconf 89' lang='lat' dir='ltr'><strong>ubi</strong></span> <span class='ocrx_word' id='word_1_172' title='bbox 692 2850 792 2903; x_wconf 86' lang='lat' dir='ltr'><strong>obierat</strong></span> <span class='ocrx_word' id='word_1_173' title='bbox 803 2849 883 2902; x_wconf 88' lang='lat' dir='ltr'><strong>Tibe·</strong></span> <span class='ocrx_word' id='word_1_174' title='bbox 926 2854 1039 2904; x_wconf 88' lang='lat' dir='ltr'><strong>Dionem</strong></span> <span class='ocrx_word' id='word_1_175' title='bbox 1050 2851 1148 2903; x_wconf 88' lang='lat' dir='ltr'><strong>docent</strong></span> <span class='ocrx_word' id='word_1_176' title='bbox 1159 2853 1239 2905; x_wconf 88' lang='lat' dir='ltr'><strong>etiam</strong></span> <span class='ocrx_word' id='word_1_177' title='bbox 1252 2852 1433 2926; x_wconf 69' lang='lat' dir='ltr'><strong>xiphilinu-</strong></span> 
     </span>
     <span class='ocr_line' id='line_1_24' title="bbox 380 2929 1431 3003; baseline -0.006 -16"><span class='ocrx_word' id='word_1_178' title='bbox 380 2937 442 2987; x_wconf 86' lang='lat' dir='ltr'><strong>rius.</strong></span> <span class='ocrx_word' id='word_1_179' title='bbox 455 2930 523 2984; x_wconf 85' lang='lat' dir='ltr'><strong>Vide</strong></span> <span class='ocrx_word' id='word_1_180' title='bbox 534 2930 622 2982; x_wconf 86' lang='lat' dir='ltr'><strong>Tiber.</strong></span> <span class='ocrx_word' id='word_1_181' title='bbox 637 2946 669 2998; x_wconf 79' lang='lat'><strong>7²</strong></span> <span class='ocrx_word' id='word_1_182' title='bbox 683 2943 709 2982; x_wconf 86' lang='lat' dir='ltr'><strong>et</strong></span> <span class='ocrx_word' id='word_1_183' title='bbox 722 2929 763 3000; x_wconf 85' lang='lat'><strong>75.</strong></span> <span class='ocrx_word' id='word_1_184' title='bbox 780 2960 816 2970; x_wconf 92' lang='lat'>-</span> <span class='ocrx_word' id='word_1_185' title='bbox 833 2930 882 2981; x_wconf 80' lang='lat' dir='ltr'><strong>La·</strong></span> <span class='ocrx_word' id='word_1_186' title='bbox 927 2930 1026 3003; x_wconf 81' lang='lat' dir='ltr'><strong>sophus</strong></span> <span class='ocrx_word' id='word_1_187' title='bbox 1039 2943 1064 2984; x_wconf 87' lang='lat' dir='ltr'><strong>et</strong></span> <span class='ocrx_word' id='word_1_188' title='bbox 1076 2929 1165 2997; x_wconf 89' lang='lat' dir='ltr'><strong>Philo,</strong></span> <span class='ocrx_word' id='word_1_189' title='bbox 1179 2931 1254 3002; x_wconf 92' lang='lat' dir='ltr'><strong>quod</strong></span> <span class='ocrx_word' id='word_1_190' title='bbox 1266 2945 1292 2984; x_wconf 90' lang='lat' dir='ltr'><strong>et</strong></span> <span class='ocrx_word' id='word_1_191' title='bbox 1304 2950 1337 2983; x_wconf 85' lang='lat' dir='ltr'><strong>ex</strong></span> <span class='ocrx_word' id='word_1_192' title='bbox 1347 2929 1431 2984; x_wconf 83' lang='lat' dir='ltr'><strong>verbis</strong></span> 
     </span>
     <span class='ocr_line' id='line_1_25' title="bbox 377 3009 1432 3085; baseline -0.006 -20"><span class='ocrx_word' id='word_1_193' title='bbox 377 3011 582 3085; x_wconf 70' lang='lat' dir='ltr'><strong>pentishabitu5</strong></span> <span class='ocrx_word' id='word_1_194' title='bbox 597 3009 883 3061; x_wconf 80' lang='lat' dir='ltr'><strong>foueutaaeveueni</strong></span> <span class='ocrx_word' id='word_1_195' title='bbox 926 3012 1017 3062; x_wconf 86' lang='lat' dir='ltr'><strong>Nostri</strong></span> <span class='ocrx_word' id='word_1_196' title='bbox 1036 3022 1126 3082; x_wconf 85' lang='lat' dir='ltr'><strong>patet,</strong></span> <span class='ocrx_word' id='word_1_197' title='bbox 1150 3009 1250 3081; x_wconf 89' lang='lat' dir='ltr'><strong>quibus</strong></span> <span class='ocrx_word' id='word_1_198' title='bbox 1275 3015 1342 3083; x_wconf 82' lang='lat' dir='ltr'><strong>«jus</strong></span> <span class='ocrx_word' id='word_1_199' title='bbox 1362 3009 1432 3062; x_wconf 87' lang='lat' dir='ltr'><strong>arbi-</strong></span> 
     </span>
     <span class='ocr_line' id='line_1_26' title="bbox 378 3089 1432 3161; baseline -0.006 -16"><span class='ocrx_word' id='word_1_200' title='bbox 378 3092 484 3144; x_wconf 85' lang='lat' dir='ltr'><strong>Tiberio</strong></span> <span class='ocrx_word' id='word_1_201' title='bbox 493 3090 547 3143; x_wconf 89' lang='lat' dir='ltr'><strong>dati</strong></span> <span class='ocrx_word' id='word_1_202' title='bbox 557 3090 734 3160; x_wconf 83' lang='lat' dir='ltr'><strong>suspicionem</strong></span> <span class='ocrx_word' id='word_1_203' title='bbox 745 3099 881 3140; x_wconf 81' lang='lat' dir='ltr'><strong>averteret.</strong></span> <span class='ocrx_word' id='word_1_204' title='bbox 926 3089 1057 3160; x_wconf 87' lang='lat' dir='ltr'><strong>triumque</strong></span> <span class='ocrx_word' id='word_1_205' title='bbox 1068 3090 1184 3140; x_wconf 90' lang='lat' dir='ltr'><strong>omnium</strong></span> <span class='ocrx_word' id='word_1_206' title='bbox 1197 3109 1289 3141; x_wconf 87' lang='lat' dir='ltr'><strong>rerum</strong></span> <span class='ocrx_word' id='word_1_207' title='bbox 1301 3090 1364 3142; x_wconf 86' lang='lat' dir='ltr'><strong>Caio</strong></span> <span class='ocrx_word' id='word_1_208' title='bbox 1375 3107 1432 3161; x_wconf 88' lang='lat' dir='ltr'><strong>per·</strong></span> 
     </span>
     <span class='ocr_line' id='line_1_27' title="bbox 414 3165 1431 3236; baseline -0.002 -17"><span class='ocrx_word' id='word_1_209' title='bbox 414 3170 440 3236; x_wconf 70' lang='lat'><strong>4.</strong></span> <span class='ocrx_word' id='word_1_210' title='bbox 460 3170 534 3219; x_wconf 83' lang='lat' dir='ltr'><strong>Inter</strong></span> <span class='ocrx_word' id='word_1_211' title='bbox 549 3167 697 3219; x_wconf 69' lang='lat' dir='ltr'><strong>altaria...</strong></span> <span class='ocrx_word' id='word_1_212' title='bbox 713 3165 884 3236; x_wconf 83' lang='lat' dir='ltr'><strong>ardentesque</strong></span> <span class='ocrx_word' id='word_1_213' title='bbox 926 3167 1057 3218; x_wconf 72' lang='lat' dir='ltr'><strong>missum»</strong></span> <span class='ocrx_word' id='word_1_214' title='bbox 1072 3167 1159 3218; x_wconf 84' lang='lat' dir='ltr'><strong>refert.</strong></span> <span class='ocrx_word' id='word_1_215' title='bbox 1170 3167 1279 3220; x_wconf 83' lang='lat' dir='ltr'><strong>Frustra</strong></span> <span class='ocrx_word' id='word_1_216' title='bbox 1291 3165 1431 3219; x_wconf 85' lang='lat' dir='ltr'><strong>difficulta-</strong></span> 
     </span>
    </p>
   </div>
   <div class='ocr_carea' id='block_1_4' title="bbox 374 3243 1433 4264">
    <p class='ocr_par' dir='ltr' id='par_1_5' title="bbox 378 3243 1433 3398">
     <span class='ocr_line' id='line_1_28' title="bbox 379 3243 1433 3319; baseline -0.005 -18"><span class='ocrx_word' id='word_1_217' title='bbox 379 3248 457 3301; x_wconf 78' lang='lat' dir='ltr'><strong>tedas.</strong></span> <span class='ocrx_word' id='word_1_218' title='bbox 468 3248 534 3300; x_wconf 87' lang='lat' dir='ltr'><strong>Vide</strong></span> <span class='ocrx_word' id='word_1_219' title='bbox 546 3249 663 3319; x_wconf 89' lang='lat' dir='ltr'><strong>Lipsium</strong></span> <span class='ocrx_word' id='word_1_220' title='bbox 674 3245 707 3298; x_wconf 86' lang='lat' dir='ltr'><strong>ad</strong></span> <span class='ocrx_word' id='word_1_221' title='bbox 718 3246 803 3298; x_wconf 83' lang='lat' dir='ltr'><strong>Tacit.</strong></span> <span class='ocrx_word' id='word_1_222' title='bbox 814 3246 880 3296; x_wconf 83' lang='lat' dir='ltr'><strong>Hist.</strong></span> <span class='ocrx_word' id='word_1_223' title='bbox 927 3258 965 3296; x_wconf 90' lang='lat' dir='ltr'><strong>tes</strong></span> <span class='ocrx_word' id='word_1_224' title='bbox 973 3246 1091 3316; x_wconf 74' lang='lat' dir='ltr'><strong>quesivit</strong></span> <span class='ocrx_word' id='word_1_225' title='bbox 1099 3244 1290 3312; x_wconf 76' lang='lat' dir='ltr'><strong>casaubonus,</strong></span> <span class='ocrx_word' id='word_1_226' title='bbox 1299 3243 1433 3297; x_wconf 81' lang='lat' dir='ltr'><strong>ubinullte</strong></span> 
     </span>
     <span class='ocr_line' id='line_1_29' title="bbox 378 3324 997 3398; baseline -0.008 -17"><span class='ocrx_word' id='word_1_227' title='bbox 378 3329 418 3395; x_wconf 86' lang='lat'><strong>11,</strong></span> <span class='ocrx_word' id='word_1_228' title='bbox 434 3345 481 3398; x_wconf 82' lang='lat'><strong>70,</strong></span> <span class='ocrx_word' id='word_1_229' title='bbox 494 3340 520 3379; x_wconf 88' lang='lat' dir='ltr'><strong>et</strong></span> <span class='ocrx_word' id='word_1_230' title='bbox 531 3324 646 3379; x_wconf 86' lang='lat' dir='ltr'><strong>Casaub.</strong></span> <span class='ocrx_word' id='word_1_231' title='bbox 659 3325 691 3377; x_wconf 88' lang='lat' dir='ltr'><strong>ad</strong></span> <span class='ocrx_word' id='word_1_232' title='bbox 707 3324 779 3376; x_wconf 89' lang='lat' dir='ltr'><strong>bunc</strong></span> <span class='ocrx_word' id='word_1_233' title='bbox 792 3324 844 3377; x_wconf 91' lang='lat' dir='ltr'><strong>loc.</strong></span> <span class='ocrx_word' id='word_1_234' title='bbox 926 3339 997 3377; x_wconf 89' lang='lat' dir='ltr'><strong>sunt.</strong></span> 
     </span>
    </p>

    <p class='ocr_par' dir='ltr' id='par_1_6' title="bbox 374 3405 1432 4192">
     <span class='ocr_line' id='line_1_30' title="bbox 414 3405 1432 3478; baseline -0.006 -16"><span class='ocrx_word' id='word_1_235' title='bbox 414 3408 439 3462; x_wconf 86' lang='lat'><strong>5.</strong></span> <span class='ocrx_word' id='word_1_236' title='bbox 451 3411 556 3461; x_wconf 85' lang='lat' dir='ltr'><strong>Omina.</strong></span> <span class='ocrx_word' id='word_1_237' title='bbox 566 3410 606 3458; x_wconf 90' lang='lat' dir='ltr'><strong>lta</strong></span> <span class='ocrx_word' id='word_1_238' title='bbox 616 3406 736 3459; x_wconf 83' lang='lat' dir='ltr'><strong>dedimus</strong></span> <span class='ocrx_word' id='word_1_239' title='bbox 746 3427 807 3458; x_wconf 91' lang='lat' dir='ltr'><strong>cum</strong></span> <span class='ocrx_word' id='word_1_240' title='bbox 817 3408 881 3459; x_wconf 89' lang='lat' dir='ltr'><strong>Gro·</strong></span> <span class='ocrx_word' id='word_1_241' title='bbox 962 3421 986 3455; x_wconf 79' lang='lat' dir='ltr'><strong>a.</strong></span> <span class='ocrx_word' id='word_1_242' title='bbox 1005 3406 1040 3455; x_wconf 87' lang='lat' dir='ltr'><strong>In</strong></span> <span class='ocrx_word' id='word_1_243' title='bbox 1051 3405 1184 3477; x_wconf 79' lang='lat' dir='ltr'><strong>proximas</strong></span> <span class='ocrx_word' id='word_1_244' title='bbox 1197 3406 1353 3478; x_wconf 70' lang='lat' dir='ltr'><strong>Campania</strong></span> <span class='ocrx_word' id='word_1_245' title='bbox 1364 3406 1432 3457; x_wconf 71' lang='lat' dir='ltr'><strong>iuua—</strong></span> 
     </span>
     <span class='ocr_line' id='line_1_31' title="bbox 377 3481 1432 3556; baseline -0.008 -14"><span class='ocrx_word' id='word_1_246' title='bbox 377 3509 439 3542; x_wconf 86' lang='lat' dir='ltr'><strong>nov.</strong></span> <span class='ocrx_word' id='word_1_247' title='bbox 454 3489 596 3540; x_wconf 85' lang='lat' dir='ltr'><strong>Burmann.</strong></span> <span class='ocrx_word' id='word_1_248' title='bbox 612 3485 721 3538; x_wconf 85' lang='lat' dir='ltr'><strong>Wolfio.</strong></span> <span class='ocrx_word' id='word_1_249' title='bbox 737 3487 814 3556; x_wconf 77' lang='lat' dir='ltr'><strong>Vulg.</strong></span> <span class='ocrx_word' id='word_1_250' title='bbox 832 3506 881 3538; x_wconf 83' lang='lat' dir='ltr'><strong>no-</strong></span> <span class='ocrx_word' id='word_1_251' title='bbox 926 3481 1158 3554; x_wconf 75' lang='lat' dir='ltr'><strong>las.rllterumejus</strong></span> <span class='ocrx_word' id='word_1_252' title='bbox 1165 3485 1217 3534; x_wconf 87' lang='lat' dir='ltr'><strong>iter</strong></span> <span class='ocrx_word' id='word_1_253' title='bbox 1224 3485 1252 3534; x_wconf 88' lang='lat' dir='ltr'><strong>in</strong></span> <span class='ocrx_word' id='word_1_254' title='bbox 1260 3485 1432 3556; x_wconf 85' lang='lat' dir='ltr'><strong>Campaniam</strong></span> 
     </span>
     <span class='ocr_line' id='line_1_32' title="bbox 376 3559 1430 3637; baseline -0.006 -18"><span class='ocrx_word' id='word_1_255' title='bbox 376 3569 459 3620; x_wconf 78' lang='lat' dir='ltr'><strong>urina.</strong></span> <span class='ocrx_word' id='word_1_256' title='bbox 474 3564 608 3637; x_wconf 82' lang='lat' dir='ltr'><strong>losephus</strong></span> <span class='ocrx_word' id='word_1_257' title='bbox 622 3561 753 3624; x_wconf 70' lang='lat' dir='ltr'><strong>imssstioue</strong></span> <span class='ocrx_word' id='word_1_258' title='bbox 765 3559 880 3630; x_wconf 71' lang='grc' dir='ltr'><strong><em>ιὺφιῖμους</em></strong></span> <span class='ocrx_word' id='word_1_259' title='bbox 925 3562 958 3613; x_wconf 89' lang='lat' dir='ltr'><strong>ad</strong></span> <span class='ocrx_word' id='word_1_260' title='bbox 974 3581 1034 3614; x_wconf 88' lang='lat' dir='ltr'><strong>ann.</strong></span> <span class='ocrx_word' id='word_1_261' title='bbox 1053 3580 1103 3632; x_wconf 82' lang='lat'><strong>79²</strong></span> <span class='ocrx_word' id='word_1_262' title='bbox 1118 3563 1198 3616; x_wconf 81' lang='lat' dir='ltr'><strong>refert</strong></span> <span class='ocrx_word' id='word_1_263' title='bbox 1214 3565 1283 3632; x_wconf 83' lang='lat' dir='ltr'><strong>Dio,</strong></span> <span class='ocrx_word' id='word_1_264' title='bbox 1301 3566 1375 3630; x_wconf 77' lang='lat' dir='ltr'><strong>mx,</strong></span> <span class='ocrx_word' id='word_1_265' title='bbox 1391 3563 1430 3615; x_wconf 87' lang='lat'><strong>13.</strong></span> 
     </span>
     <span class='ocr_line' id='line_1_33' title="bbox 378 3641 1431 3715; baseline -0.002 -17"><span class='ocrx_word' id='word_1_266' title='bbox 378 3646 457 3712; x_wconf 84' lang='lat' dir='ltr'><strong>dicit,</strong></span> <span class='ocrx_word' id='word_1_267' title='bbox 472 3658 498 3696; x_wconf 88' lang='lat' dir='ltr'><strong>et</strong></span> <span class='ocrx_word' id='word_1_268' title='bbox 515 3647 613 3696; x_wconf 86' lang='lat' dir='ltr'><strong>Noster</strong></span> <span class='ocrx_word' id='word_1_269' title='bbox 625 3661 702 3715; x_wconf 72' lang='lat' dir='ltr'><strong>uapor</strong></span> <span class='ocrx_word' id='word_1_270' title='bbox 713 3645 730 3695; x_wconf 92' lang='lat' dir='ltr'><strong>i.</strong></span> <span class='ocrx_word' id='word_1_271' title='bbox 747 3662 771 3695; x_wconf 90' lang='lat' dir='ltr'><strong>e.</strong></span> <span class='ocrx_word' id='word_1_272' title='bbox 785 3657 880 3714; x_wconf 76' lang='lat' dir='ltr'><strong>preter</strong></span> <span class='ocrx_word' id='word_1_273' title='bbox 923 3641 1431 3715; x_wconf 74' lang='lat' dir='ltr'><strong>Moxintestificandasollicitudineest,</strong></span> 
     </span>
     <span class='ocr_line' id='line_1_34' title="bbox 375 3720 1431 3794; baseline -0.004 -16"><span class='ocrx_word' id='word_1_274' title='bbox 375 3726 478 3778; x_wconf 85' lang='lat' dir='ltr'><strong>faustas</strong></span> <span class='ocrx_word' id='word_1_275' title='bbox 484 3723 546 3776; x_wconf 85' lang='lat' dir='ltr'><strong>alias</strong></span> <span class='ocrx_word' id='word_1_276' title='bbox 552 3721 752 3774; x_wconf 86' lang='lat' dir='ltr'><strong>acclamationes</strong></span> <span class='ocrx_word' id='word_1_277' title='bbox 758 3723 880 3774; x_wconf 81' lang='lat' dir='ltr'><strong>siveomi-</strong></span> <span class='ocrx_word' id='word_1_278' title='bbox 928 3720 994 3772; x_wconf 75' lang='lat' dir='ltr'><strong>aubi</strong></span> <span class='ocrx_word' id='word_1_279' title='bbox 1005 3721 1210 3776; x_wconf 89' lang='lat' dir='ltr'><strong>sollicitudinem</strong></span> <span class='ocrx_word' id='word_1_280' title='bbox 1223 3724 1362 3777; x_wconf 84' lang='lat' dir='ltr'><strong>testificari</strong></span> <span class='ocrx_word' id='word_1_281' title='bbox 1371 3741 1431 3794; x_wconf 88' lang='lat' dir='ltr'><strong>pos·</strong></span> 
     </span>
     <span class='ocr_line' id='line_1_35' title="bbox 375 3799 1432 3872; baseline -0.002 -16"><span class='ocrx_word' id='word_1_282' title='bbox 375 3823 424 3872; x_wconf 86' lang='lat' dir='ltr'><strong>na,</strong></span> <span class='ocrx_word' id='word_1_283' title='bbox 439 3799 537 3855; x_wconf 87' lang='lat' dir='ltr'><strong>blanda</strong></span> <span class='ocrx_word' id='word_1_284' title='bbox 550 3803 575 3853; x_wconf 89' lang='lat' dir='ltr'><strong>ei</strong></span> <span class='ocrx_word' id='word_1_285' title='bbox 588 3803 697 3852; x_wconf 89' lang='lat' dir='ltr'><strong>nomina</strong></span> <span class='ocrx_word' id='word_1_286' title='bbox 712 3799 773 3851; x_wconf 88' lang='lat' dir='ltr'><strong>data</strong></span> <span class='ocrx_word' id='word_1_287' title='bbox 787 3801 876 3852; x_wconf 83' lang='lat' dir='ltr'><strong>refert.</strong></span> <span class='ocrx_word' id='word_1_288' title='bbox 924 3814 978 3867; x_wconf 83' lang='lat' dir='ltr'><strong>set,</strong></span> <span class='ocrx_word' id='word_1_289' title='bbox 987 3799 1040 3868; x_wconf 80' lang='lat' dir='ltr'><strong>vel,</strong></span> <span class='ocrx_word' id='word_1_290' title='bbox 1051 3801 1097 3853; x_wconf 91' lang='lat' dir='ltr'><strong>ubi</strong></span> <span class='ocrx_word' id='word_1_291' title='bbox 1107 3802 1135 3854; x_wconf 90' lang='lat' dir='ltr'><strong>id</strong></span> <span class='ocrx_word' id='word_1_292' title='bbox 1147 3817 1252 3872; x_wconf 76' lang='lat' dir='ltr'><strong>ageret,</strong></span> <span class='ocrx_word' id='word_1_293' title='bbox 1265 3817 1296 3856; x_wconf 91' lang='lat' dir='ltr'><strong>ut</strong></span> <span class='ocrx_word' id='word_1_294' title='bbox 1306 3801 1432 3856; x_wconf 88' lang='lat' dir='ltr'><strong>sollicitu-</strong></span> 
     </span>
     <span class='ocr_line' id='line_1_36' title="bbox 376 3875 1432 3953; baseline -0.004 -19"><span class='ocrx_word' id='word_1_295' title='bbox 376 3882 474 3953; x_wconf 84' lang='lat' dir='ltr'><strong>Supra,</strong></span> <span class='ocrx_word' id='word_1_296' title='bbox 486 3882 599 3949; x_wconf 73' lang='lat' dir='ltr'><strong>August.</strong></span> <span class='ocrx_word' id='word_1_297' title='bbox 612 3876 659 3948; x_wconf 83' lang='lat'><strong>57,</strong></span> <span class='ocrx_word' id='word_1_298' title='bbox 674 3899 686 3923; x_wconf 69' lang='grc' dir='ltr'>ι</span> <span class='ocrx_word' id='word_1_299' title='bbox 695 3879 879 3930; x_wconf 83' lang='lat' dir='ltr'><strong>Revertentem</strong></span> <span class='ocrx_word' id='word_1_300' title='bbox 925 3875 1013 3930; x_wconf 87' lang='lat' dir='ltr'><strong>dinem</strong></span> <span class='ocrx_word' id='word_1_301' title='bbox 1022 3878 1237 3946; x_wconf 55' lang='lat' dir='ltr'><strong>testificaretur„</strong></span> <span class='ocrx_word' id='word_1_302' title='bbox 1250 3901 1286 3935; x_wconf 89' lang='lat' dir='ltr'><strong>ne</strong></span> <span class='ocrx_word' id='word_1_303' title='bbox 1297 3883 1356 3952; x_wconf 88' lang='lat' dir='ltr'><strong>quis</strong></span> <span class='ocrx_word' id='word_1_304' title='bbox 1366 3898 1432 3932; x_wconf 80' lang='lat' dir='ltr'><strong>nove</strong></span> 
     </span>
     <span class='ocr_line' id='line_1_37' title="bbox 376 3955 1430 4033; baseline -0.005 -18"><span class='ocrx_word' id='word_1_305' title='bbox 376 3980 407 4015; x_wconf 83' lang='lat' dir='ltr'><strong>ex</strong></span> <span class='ocrx_word' id='word_1_306' title='bbox 414 3961 612 4033; x_wconf 88' lang='lat' dir='ltr'><strong>provincianon</strong></span> <span class='ocrx_word' id='word_1_307' title='bbox 620 3955 705 4010; x_wconf 86' lang='lat' dir='ltr'><strong>solum</strong></span> <span class='ocrx_word' id='word_1_308' title='bbox 711 3955 808 4028; x_wconf 83' lang='lat' dir='ltr'><strong>faustis</strong></span> <span class='ocrx_word' id='word_1_309' title='bbox 817 3957 880 4008; x_wconf 88' lang='lat' dir='ltr'><strong>omi·</strong></span> <span class='ocrx_word' id='word_1_310' title='bbox 925 3955 1024 4008; x_wconf 87' lang='lat' dir='ltr'><strong>dictum</strong></span> <span class='ocrx_word' id='word_1_311' title='bbox 1042 3971 1149 4010; x_wconf 86' lang='lat' dir='ltr'><strong>censeat</strong></span> <span class='ocrx_word' id='word_1_312' title='bbox 1167 3980 1228 4012; x_wconf 90' lang='lat' dir='ltr'><strong>cum</strong></span> <span class='ocrx_word' id='word_1_313' title='bbox 1240 3963 1365 4015; x_wconf 86' lang='lat' dir='ltr'><strong>Ernestio</strong></span> <span class='ocrx_word' id='word_1_314' title='bbox 1382 3977 1430 4031; x_wconf 85' lang='lat' dir='ltr'><strong>pro</strong></span> 
     </span>
     <span class='ocr_line' id='line_1_38' title="bbox 376 4031 1432 4106; baseline -0.003 -13"><span class='ocrx_word' id='word_1_315' title='bbox 376 4042 462 4106; x_wconf 80' lang='lat' dir='ltr'><strong>nibus,</strong></span> <span class='ocrx_word' id='word_1_316' title='bbox 472 4037 517 4091; x_wconf 89' lang='lat' dir='ltr'><strong>sed</strong></span> <span class='ocrx_word' id='word_1_317' title='bbox 529 4052 554 4090; x_wconf 90' lang='lat' dir='ltr'><strong>et</strong></span> <span class='ocrx_word' id='word_1_318' title='bbox 565 4035 706 4088; x_wconf 89' lang='lat' dir='ltr'><strong>modulatis</strong></span> <span class='ocrx_word' id='word_1_319' title='bbox 717 4036 878 4088; x_wconf 84' lang='lat' dir='ltr'><strong>carminibus</strong></span> <span class='ocrx_word' id='word_1_320' title='bbox 924 4031 1091 4106; x_wconf 71' lang='lat' dir='ltr'><strong>testificandae</strong></span> <span class='ocrx_word' id='word_1_321' title='bbox 1108 4039 1306 4094; x_wconf 80' lang='lat' dir='ltr'><strong>sollicitudinis.</strong></span> <span class='ocrx_word' id='word_1_322' title='bbox 1323 4043 1432 4094; x_wconf 86' lang='lat' dir='ltr'><strong>Utrum-</strong></span> 
     </span>
     <span class='ocr_line' id='line_1_39' title="bbox 374 4115 1432 4192; baseline -0.003 -21"><span class='ocrx_word' id='word_1_323' title='bbox 374 4115 637 4192; x_wconf 77' lang='lat' dir='ltr'><strong>proaequebantur.·</strong></span> <span class='ocrx_word' id='word_1_324' title='bbox 923 4133 974 4186; x_wconf 89' lang='lat' dir='ltr'><strong>que</strong></span> <span class='ocrx_word' id='word_1_325' title='bbox 993 4117 1080 4182; x_wconf 85' lang='lat' dir='ltr'><strong>enim,</strong></span> <span class='ocrx_word' id='word_1_326' title='bbox 1097 4121 1189 4188; x_wconf 89' lang='lat' dir='ltr'><strong>prouti</strong></span> <span class='ocrx_word' id='word_1_327' title='bbox 1207 4123 1367 4174; x_wconf 84' lang='lat' dir='ltr'><strong>sententiam</strong></span> <span class='ocrx_word' id='word_1_328' title='bbox 1385 4135 1432 4169; x_wconf 88' lang='lat' dir='ltr'><strong>ca-</strong></span> 
     </span>
    </p>

    <p class='ocr_par' dir='ltr' id='par_1_7' title="bbox 410 4188 1431 4264">
     <span class='ocr_line' id='line_1_40' title="bbox 410 4188 1431 4264; baseline -0.001 -16"><span class='ocrx_word' id='word_1_329' title='bbox 410 4197 435 4248; x_wconf 86' lang='lat'><strong>6.</strong></span> <span class='ocrx_word' id='word_1_330' title='bbox 457 4196 611 4248; x_wconf 70' lang='lat' dir='ltr'><strong>alumnum.</strong></span> <span class='ocrx_word' id='word_1_331' title='bbox 636 4195 695 4264; x_wconf 88' lang='lat' dir='ltr'><strong>lpse</strong></span> <span class='ocrx_word' id='word_1_332' title='bbox 718 4211 746 4245; x_wconf 86' lang='lat' dir='ltr'><strong>se</strong></span> <span class='ocrx_word' id='word_1_333' title='bbox 769 4188 815 4245; x_wconf 72' lang='lat' dir='ltr'><strong>vile</strong></span> <span class='ocrx_word' id='word_1_334' title='bbox 836 4191 876 4244; x_wconf 72' lang='lat' dir='ltr'><strong>zai</strong></span> <span class='ocrx_word' id='word_1_335' title='bbox 920 4194 997 4263; x_wconf 88' lang='lat' dir='ltr'><strong>pias,</strong></span> <span class='ocrx_word' id='word_1_336' title='bbox 1017 4213 1090 4263; x_wconf 72' lang='lat' dir='ltr'><strong>aeque</strong></span> <span class='ocrx_word' id='word_1_337' title='bbox 1109 4197 1177 4250; x_wconf 88' lang='lat' dir='ltr'><strong>bene</strong></span> <span class='ocrx_word' id='word_1_338' title='bbox 1196 4196 1304 4252; x_wconf 89' lang='lat' dir='ltr'><strong>dicitur.</strong></span> <span class='ocrx_word' id='word_1_339' title='bbox 1325 4197 1431 4253; x_wconf 85' lang='lat' dir='ltr'><strong>Muller.</strong></span> 
     </span>
    </p>
   </div>
   <div class='ocr_carea' id='block_1_5' title="bbox 0 0 1538 5148">
    <p class='ocr_par' dir='ltr' id='par_1_8' title="bbox 0 0 1538 5148">
     <span class='ocr_line' id='line_1_41' title="bbox 0 0 1538 5148; baseline 0 1"><span class='ocrx_word' id='word_1_340' title='bbox 0 0 1538 5148; x_wconf 95' lang='lat' dir='ltr'><strong> </strong></span> 
     </span>
    </p>
   </div>
  </div>
 </body>
</html>
