3054 5152
394 537 454 612 ια.)
764 535 798 597 tl.
823 528 1053 598 SUETONH

389 660 587 750 Erycinae¹⁹,
601 671 765 725 vetustate
782 657 984 750 collapsum,
1002 676 1039 724 ut
1052 681 1092 724 ex
1105 660 1221 723 aerario
1232 657 1352 750 populi
1370 663 1433 726 Ro·

387 771 478 833 mani
494 769 696 851 reficeretur,
714 783 831 835 auctor
842 768 914 834 fuit.
931 772 1016 834 Cum
1028 765 1159 858 regibus
1173 765 1282 834 foedus
1295 770 1332 835 in
1346 773 1430 835 Fero

387 865 458 959 icit,
477 901 579 970 porca
595 901 694 960 caesa,
715 902 754 946 ae
770 895 880 944 vetere
898 875 1074 944 Fecialium
1095 877 1324 967 praefafione²⁰
1341 876 1432 944 adhi-

386 984 464 1058 bia.
474 987 535 1056 Sed
548 1004 581 1054 et
588 987 676 1069 haec,
689 1003 856 1069 etcetera,
869 1001 1045 1082 totumque
1055 985 1139 1052 adeo
1151 1004 1296 1079 exparte
1308 1011 1431 1078 magne

385 1098 625 1190 principatum,
647 1121 715 1165 non
737 1114 805 1164 tarn
828 1121 905 1180 suo,
928 1120 1030 1190 quam
1051 1119 1195 1162 uxorum
1215 1096 1431 1164 libertorum-

386 1217 482 1300 que²¹
499 1209 651 1291 arbitrio,
666 1207 925 1291 administravit;
945 1207 1021 1274 talis
1041 1206 1197 1300 ubique²²
1212 1206 1431 1300 plerumque,

386 1319 519 1413 qualem
535 1341 608 1388 esse
621 1345 714 1404 eum,
728 1339 787 1388 aut
800 1317 971 1413 expediret
985 1319 1068 1401 illis,
1082 1336 1141 1386 aut
1154 1318 1282 1387 liberet.

431 1437 547 1501 XXVI.
579 1440 723 1527 Sponsas
749 1434 932 1501 admodum
957 1431 1151 1500 adolescens
1177 1431 1260 1500 duas
1289 1432 1429 1500 habuit:

385 1543 549 1611 AEmiliam
570 1544 748 1638 Lepidam,
770 1547 911 1637 Augusti
933 1554 1171 1637 proneptem¹3
1195 1547 1274 1610 item
1298 1546 1428 1610 Liviam

384 1651 623 1740 Medullinam,
648 1659 701 1723 cui
722 1674 756 1722 et
775 1677 963 1746 cognomen
984 1653 1134 1721 Camillae
1155 1671 1240 1736 erat,
1262 1677 1281 1720 e
1304 1677 1430 1745 genere

383 1762 520 1854 antiquo
539 1766 713 1832 Dictatoris
731 1763 869 1830 Camilli.
890 1765 1053 1846 Priorem,
1071 1762 1162 1858 quod
1181 1778 1339 1855 parentes
1356 1762 1429 1856 ejus

385 1875 573 1961 Augustum
602 1873 851 1955 offenderant²,
878 1875 1041 1966 virginem
1070 1869 1183 1938 adhuc
1212 1869 1428 1963 repudiavit:

278 2069 280 2074 Ι
382 1985 602 2070 posteriorem
618 1987 691 2076 ipso
704 1982 776 2065 die,
795 1987 853 2078 qui
872 2000 944 2051 erat
956 1985 1082 2075 nuptiis
1099 1981 1301 2063 destinatus,
1318 2007 1362 2049 ex
1376 2007 1431 2050 va·

382 2086 529 2158 letudine
541 2097 660 2161 amisit.
675 2097 803 2160 Uxores
815 2091 936 2160 deinde
950 2091 1047 2159 duxit
1062 2089 1223 2157 Plautiam
1238 2091 1431 2182 Urgulanil-

381 2199 486 2283 lam³,
507 2203 721 2297 triumphali,
745 2221 779 2270 et
797 2227 876 2272 mox
901 2202 1018 2270 AEliam
1041 2199 1228 2281 renuant,
1251 2201 1431 2268 consulari.

381 2404 550 2456 scribendum
562 2407 878 2476 contendentem,rulga·
922 2425 998 2459 soror
1015 2409 1051 2458 M.
1071 2405 1166 2457 AEmilii
1184 2403 1293 2475 Lepidi,
1311 2403 1347 2456 de
1368 2423 1432 2475 quo

273 2523 277 2529 ,
379 2501 433 2534 rem
444 2486 556 2536 formam
568 2490 658 2539 asserit
667 2488 876 2540 adhunclocum
921 2487 980 2538 vide
994 2486 1076 2558 Calig.
1092 2486 1141 2551 24,
1159 2499 1184 2536 et
1198 2485 1269 2553 Lips.
1286 2483 1321 2536 ad
1335 2485 1423 2536 Tacit.

380 2563 553 2636 Oudendorp.
921 2565 1016 2618 Annei.
1035 2567 1109 2630 XIV,
1127 2582 1141 2616 2
1159 2585 1166 2613 z
1186 2563 1258 2615 conl.
1272 2563 1424 2634 Glandorp.

417 2661 457 2715 ¹9·
469 2645 687 2718 Templumque...
696 2647 801 2700 Veneris
810 2649 875 2717 Ery·
921 2661 981 2714 pag.
997 2643 1040 2694 31.

377 2724 457 2785 εἱηιε,Ι
472 2724 545 2794 quod
559 2739 709 2796 susceperat
722 2725 827 2796 quidem
840 2745 876 2777 re·
958 2741 980 2775 2.
1003 2723 1077 2794 Quod
1086 2733 1206 2796 parentes
1213 2724 1267 2794 ejus
1276 2721 1425 2794 Anquttum

378 2802 456 2870 ficere
469 2803 590 2855 Tiberius
606 2803 704 2874 (Tacit.
722 2802 817 2855 Annal.
832 2807 875 2870 lV,
920 2802 1094 2874 offenderant.
1114 2807 1188 2854 Pater
1202 2804 1230 2853 1..
1245 2799 1343 2853 Paulus
1355 2821 1425 2853 con-

376 2881 442 2954 43),
457 2881 503 2932 sed
518 2883 636 2936 omisisse
650 2883 761 2948 videtur,
778 2895 808 2934 ut
819 2883 875 2953 ple·
916 2882 1049 2952 juratione
1062 2879 1147 2952 (Aug.
1166 2879 1230 2950 19),
1250 2891 1333 2930 mater
1351 2880 1423 2931 Julin

377 2979 458 3032 reque
479 2960 631 3032 hujusmodi
655 2979 744 3032 opera.
766 2959 875 3013 Addidit
918 2961 976 3011 vitae
991 2959 1191 3031 probris(dug.
1205 2957 1264 3029 65).
1368 2961 1380 2987 ⁰

375 3053 464 3092 autem
480 3041 576 3092 Noster
588 3042 616 3092 in
629 3041 733 3107 Sicilia,
749 3043 873 3111 quoniam
955 3039 979 3089 3.
994 3037 1126 3091 Plautiam
1140 3034 1343 3110 Urgulanillam.
1354 3037 1424 3090 Vide

375 3121 463 3172 llomae
477 3123 552 3173 etiam
565 3123 675 3174 Veneris
686 3123 803 3196 Erycina
812 3135 875 3174 tem·
918 3119 951 3171 de
966 3122 1022 3189 ejus
1036 3137 1147 3190 genere,
1165 3137 1221 3192 quse
1233 3117 1338 3168 disserit
1354 3120 1422 3170 Bur-

374 3197 524 3268 plum'erat.
917 3217 1007 3250 maun.
1027 3197 1186 3272 Urgulania,
1198 3197 1256 3247 avia
1264 3193 1361 3270 lflautii
1371 3197 1422 3248 Sil-

411 3295 452 3328 πο.
461 3277 732 3331 AcuetereFecialium
738 3279 871 3352 prefatio·
916 3279 976 3330 vani
989 3279 1121 3344 Praetoris,
1130 3277 1207 3326 Liriae
1215 3277 1313 3339 amica,
1324 3293 1421 3326 occur·

376 3374 420 3419 nc,
434 3369 484 3407 etc.
497 3358 537 3408 Cl.
552 3357 605 3408 Liv.
619 3362 646 3423 l,
662 3359 703 3424 24.
917 3359 950 3408 rit
960 3355 1032 3428 apud
1039 3359 1122 3408 Tacit.
1131 3353 1224 3406 Annal.
1234 3355 1278 3418 lv,
1288 3369 1329 3405 22.
1340 3358 1422 3407 Pater

410 3449 451 3484 21.
464 3435 576 3486 Uxomm
587 3436 794 3508 libertorumque.
804 3434 871 3487 Vide
916 3436 1023 3487 Plautiae
1036 3433 1114 3487 fuisse
1126 3432 1231 3485 videtur
1241 3431 1364 3485 Silvanus
1372 3432 1421 3485 ille

375 3530 433 3583 cap.
448 3515 480 3588 ²,ss
492 3531 547 3584 seq.
916 3515 1038 3568 Plautius
1052 3514 1209 3577 consularis,
1226 3515 1301 3581 cujus
1314 3529 1355 3563 res
1368 3531 1420 3582 ge-

411 3583 459 3643 aaf
466 3592 573 3664 Ubique.
585 3594 642 3644 Hoc
652 3592 686 3644 ad
695 3613 736 3645 res
746 3595 871 3664 pertinet,
916 3607 969 3646 stas
982 3595 1007 3645 in
1021 3592 1091 3644 bello
1103 3594 1256 3644 Pannonico
1269 3605 1419 3643 mernoraut

374 3683 465 3735 otest,
481 3673 527 3722 «in
545 3671 667 3723 omnibus
683 3671 797 3732 rebus3u
813 3669 872 3742 ple-
915 3673 983 3725 Veli.
998 3675 1036 3738 11,
1055 3689 1119 3737 rra,
1135 3685 1162 3723 et
1172 3674 1238 3738 Dio,
1250 3673 1305 3736 LV,
1317 3672 1360 3737 34.

373 3767 482 3821 rumque
502 3749 537 3801 acl
556 3764 675 3822 tempus,
693 3752 710 3803 i.
731 3771 753 3802 e.
776 3775 787 3797 ι
799 3754 871 3804 omui
951 3754 976 3821 4.
996 3755 1032 3804 Et
1042 3747 1103 3805 mosi
1112 3753 1213 3804 AE'liam
1227 3754 1360 3804 Petinem.
1373 3755 1417 3803 Pi-

372 3841 521 3897 temporem
538 3829 625 3880 Burm.
644 3831 747 3900 praefert
765 3831 870 3902 utique,
915 3832 996 3884 tiscus
1008 3833 1080 3884 Sexti
1091 3831 1160 3882 AElii
1171 3830 1248 3882 filiam
1261 3831 1339 3895 iacit,
1349 3830 1420 3882 Con-

373 3905 446 3977 quod
462 3908 560 3979 placuit
579 3911 656 3961 etiarn
670 3909 799 3961 Ernestio.
819 3910 870 3962 Sed
915 3911 978 3964 sulis
992 3929 1053 3962 ann.
1069 3910 1120 3980 756
1139 3926 1200 3960 cum
1218 3908 1246 3960 C.
1262 3908 1354 3960 Sentio
1369 3909 1417 3961 Sa-

372 3986 423 4038 hoc
436 3986 513 4056 plane
525 3986 679 4039 abundaret.
915 3993 1029 4043 turnino.
1045 3989 1096 4042 Sed
1108 3991 1133 4041 ei
1145 3991 1236 4042 Catum
1249 4007 1417 4058 cognomen,

407 4067 498 4118 XXVI.
530 4084 552 4117 r.
578 4067 687 4138 Aupusti
707 4081 868 4140 proneptem.
914 4089 968 4122 non
982 4073 1084 4122 Petam.
1098 4071 1183 4122 Tacit.
1195 4066 1289 4119 Annal.
1306 4069 1373 4134 Xll,
1388 4087 1417 4130 r,

371 4141 436 4195 Filia
454 4147 523 4196 enirn
539 4158 596 4196 erat
611 4145 698 4212 Juliae,
715 4149 801 4217 neptis
815 4149 870 4198 Au·
914 4149 1007 4201 AEliam
1024 4151 1139 4200 Petinam
1155 4167 1169 4199 e
1178 4148 1289 4220 familia
1304 4147 1419 4200 Mem-

371 4223 456 4289 gusti,
472 4243 502 4276 ex
516 4224 545 4274 L.
561 4224 643 4276 Paulo
657 4224 708 4292 (cl.
721 4228 789 4296 Aug.
801 4227 869 4298 64),
915 4248 978 4281 num
992 4230 1073 4282 fuisse
1087 4229 1167 4294 dicit,
1181 4241 1209 4278 ut
1222 4226 1289 4278 adeo
1304 4227 1334 4296 Q.
1349 4227 1420 4279 AElii
