3076 5146
375 563 439 640 412
739 545 784 622 ‘o
811 558 1046 624 surrouu

374 689 491 778 guina,
508 669 524 744 ¹a
535 687 718 766 Utinam»
737 686 864 779 inquit,
883 713 896 743 i
908 682 1092 751 hactenus!
1110 715 1123 744 υ
1142 689 1242 752 Tunc
1255 684 1356 754 horas
1372 713 1423 754 re-
1531 711 1532 714 ¹

1530 557 1532 594 l

1531 613 1532 652 l

1530 667 1532 706 l

1531 719 1532 762 l

1530 771 1532 812 l

374 797 534 891 quirenti,
548 820 610 888 pro
626 797 761 889 quinta,
777 818 878 889 quam
893 794 1081 878 metuebat,
1097 811 1190 862 sexta
1205 819 1247 864 ex
1261 795 1423 866 industria
1531 819 1533 858 l

373 909 532 974 nunciata
545 920 628 972 est2.
645 908 721 986 His,
738 903 831 971 velut
847 919 1015 972 transacto
1026 901 1097 997 jam
1111 905 1280 997 periculo,
1293 905 1422 988 laetnm,

373 1010 655 1109 festinantemque
680 1012 723 1080 ad
748 1016 900 1106 corporis
923 1038 1058 1097 curam,
1083 1013 1310 1084 Parthenius³
1337 1016 1425 1085 cubi·

375 1125 452 1194 culo
471 1127 671 1219 praepositus
690 1127 873 1207 convertit,
893 1127 1058 1192 nuncians
1077 1150 1168 1208 esse,
1186 1129 1245 1220 qui
1265 1151 1425 1220 magnum

374 1237 488 1304 nescio
504 1233 586 1330 quid
600 1235 751 1314 afferret,
766 1259 829 1301 nee
842 1231 1080 1301 differendum.
1099 1239 1232 1329 ltaque,
1250 1241 1425 1306 summotis

374 1346 548 1427 omnibus,
567 1347 601 1411 in
616 1343 810 1412 cubiculum
826 1367 862 1410 se
876 1348 1021 1436 recepit,
1036 1361 1143 1439 atque·
1153 1347 1198 1413 ibi
1213 1350 1348 1416 occisus
1367 1365 1423 1417 est.

421 1461 526 1525 XVll.
553 1462 602 1524 De
615 1455 813 1523 insidiarum
828 1453 997 1568 caedisque
1014 1480 1137 1547 genere
1150 1457 1222 1527 haee
1236 1458 1308 1526 fere
1323 1458 1425 1527 divul-

376 1583 452 1660 gata
463 1583 551 1654 sunt.
563 1566 806 1633 Cunctantibus
818 1569 1034 1658 conspiratis,
1049 1567 1186 1662 qu'ando
1196 1583 1230 1634 et
1239 1569 1424 1663 quomodo,
1534 1611 1535 1618 κ

375 1677 426 1766 [id
442 1695 491 1745 est
504 1681 544 1766 '‚]
556 1678 785 1760 lauantemne,
800 1703 845 1743 an
859 1694 1048 1744 coenantem
1062 1677 1349 1769 aggrederentur3
1363 1683 1425 1748 Sto

375 1786 509 1879 phanus
519 1804 541 1868 ²,
566 1786 744 1854 Domitillae
765 1804 980 1879 procurator,
1004 1803 1037 1854 ot
1057 1803 1139 1854 tunc
1161 1791 1423 1882 interceptarum

376 1901 596 1992 pecuniarum
614 1923 708 1981 reus,
724 1897 902 1966 consilium
918 1922 1123 1992 operamque
1138 1897 1271 1966 obtulit.
1289 1909 1337 1967 Ac
1352 1904 1425 1968 sini-

377 2013 514 2078 steriore
529 2009 682 2089 brachio,
697 2010 791 2077 velut
804 2035 909 2101 aegro,
927 2009 1012 2077 lanis
1029 2011 1210 2104 fasciisque
1221 2036 1283 2103 per
1300 2011 1425 2108 aliquot

377 2119 448 2188 dies
462 2119 504 2187 ad
519 2119 735 2188 avertendam
750 2124 974 2213 suspicionem
990 2120 1169 2203 obvoluto,
1185 2121 1228 2188 ad
1244 2125 1354 2214 ipsam
1369 2123 1423 2191 ho-

377 2255 451 2298 ram
463 2230 622 2299 dolonem
634 2228 837 2323 interjectu:
854 2231 1095 2325 professusque
1109 2235 1368 2324 conspirationis
1379 2237 1425 2300 in-

378 2339 519 2423 dicium,
538 2356 572 2407 et
585 2341 629 2408 ob
643 2340 708 2407 hoc
723 2339 909 2422 admissus,
927 2338 1050 2432 legenti
1072 2339 1231 2408 traditum
1247 2367 1268 2408 a
1285 2367 1321 2410 se
1336 2341 1426 2410 libel·

377 2449 465 2532 lum,
478 2467 512 2517 et
521 2454 679 2532 attonito,
691 2448 831 2517 suffodit
842 2449 1010 2541 inguinal.
1025 2453 1179 2518 saucium
1189 2475 1229 2518 ac
1239 2475 1425 2544 repugnan-

377 2577 446 2629 tem
467 2561 575 2628 adorti
595 2561 775 2629 Clodianus
798 2559 1039 2629 cornicularius
1049 2563 1074 2642 ⁵,
1095 2579 1128 2627 et
1147 2565 1332 2644 Maximus,
1352 2569 1426 2631 Par·
1473 2617 1476 2630 .

414 2777 437 2810 2.
456 2761 563 2812 Sexta...
575 2763 701 2814 nunciate
711 2771 747 2814 est
753 2783 762 2821 ,-
775 2761 831 2812 scil.
845 2761 878 2812 ab
923 2761 1035 2813 vidimus
1046 2760 1080 2813 ad
1088 2761 1167 2832 Vesp.
1179 2761 1208 2827 3,
1222 2775 1247 2812 et
1257 2780 1339 2832 supro
1349 2781 1374 2812 c.
1387 2761 1422 2812 15.

377 2857 426 2902 eo,
446 2851 475 2889 ut
495 2839 605 2908 opinor,
625 2840 710 2908 inquit
728 2838 878 2904 Ernestius,
959 2841 984 2892 3.
997 2840 1040 2891 Ad
1052 2842 1132 2910 ipsam
1145 2840 1235 2892 loram
1248 2839 1370 2892 dolonem
1384 2842 1423 2891 in-

377 2917 424 2986 qui
439 2917 532 2969 missus
545 2930 600 2968 erat
614 2919 640 2968 in
653 2917 748 2968 Forum
762 2917 795 2967 ad
810 2917 878 2968 sola·
923 2920 1033 2991 reperit,-
1047 2918 1072 2970 h.
1082 2938 1104 2970 e.
1114 2922 1208 2990 eaipse
1217 2919 1292 2984 horn,
1302 2937 1353 2990 qua
1364 2921 1423 2972 faei-

377 2996 460 3060 rium,
478 3009 507 3047 ut
521 2995 636 3062 videret,
652 3009 732 3066 quota
747 2993 812 3046 hora
826 2995 878 3048 diei
924 3015 973 3048 nus
981 2995 1189 3067 perpetrandum
1200 3010 1269 3062 erat,
1282 2998 1423 3068 pugionem

378 3086 456 3126 esset.
923 3073 1425 3145 fasciisinterposuit.Dolonemexcon-

284 3211 287 3218 ,
412 3152 439 3205 3.
458 3152 629 3219 Parthenius,
645 3167 694 3206 ete.
713 3153 746 3205 de
763 3168 818 3225 quo
832 3157 878 3205 Vi·
920 3157 1024 3225 jactura
1044 3155 1158 3206 ferrarii
1178 3173 1228 3225 pro
1245 3152 1316 3224 vulg.
1336 3153 1423 3207 dolum

377 3236 521 3305 ctor‚Epit.
535 3251 574 3301 tt,
584 3233 825 3304 etXiphil.LXVll,
838 3232 877 3286 15.
923 3247 1080 3306 receperunt
1091 3234 1155 3284 Ern.
1168 3245 1194 3283 ot
1206 3232 1346 3300 Oudend,
1358 3253 1422 3285 con·

412 3313 492 3365 xvn.
507 3330 530 3364 1.
543 3311 585 3385 [fd
593 3313 647 3386 est].
662 3313 710 3364 Pro
719 3312 878 3384 glossemate
924 3313 1044 3366 firmante
1061 3313 1237 3378 Philostrato,
1257 3310 1329 3384 apud
1348 3332 1424 3384 quern

377 3389 540 3443 haberehaec
551 3392 631 3443 verba
644 3391 730 3444 malim
744 3412 802 3444 curn
816 3395 879 3443 Bur·
924 3411 972 3464 pro
994 3393 1060 3459 ξίφος
1079 3390 1184 3461 cinifes,
1204 3407 1255 3443 etc.
1275 3393 1423 3460 Baumgart.

377 3488 466 3521 mann.
483 3489 561 3542 qutun
571 3485 673 3523 mutare
687 3491 747 3524 cum
758 3473 880 3523 Ernesu'o
924 3470 1063 3542 legendum
1073 3473 1203 3524 existimat
1212 3465 1303 3536 ‹5qu
1313 3470 1353 3522 rel
1364 3469 1426 3532 feti·

377 3553 405 3602 in
422 3551 499 3617 item,
517 3552 587 3623 qnod
602 3571 696 3605 novam
712 3552 879 3605 consultandi
924 3573 981 3617 rar,
994 3549 1052 3615 rel,
1072 3549 1144 3622 quod
1158 3551 1323 3602 verissimum
1338 3549 1425 3614 ducit,

377 3634 515 3682 materiam
538 3633 663 3698 inferret,
687 3651 767 3704 quum
792 3647 879 3684 tamon
925 3618 1383 3702 dqrufm,dequaforma‚etiarnin
1393 3631 1425 3680 N.

377 3709 457 3762 verba
474 3710 605 3763 lavantem
622 3726 648 3762 et
662 3723 805 3763 conantem
826 3712 879 3764 sal·
924 3714 954 3762 T.
970 3710 1063 3774 obvia,
1084 3709 1142 3760 ride
1156 3707 1271 3761 Fischer.
1290 3709 1377 3760 Anim.
1393 3707 1424 3759 ad

377 3799 429 3838 tem
441 3786 474 3839 ad
486 3785 513 3839 rr*
524 3787 629 3859 qnando
643 3791 799 3860 respiciant,
812 3809 879 3862 quo-
924 3790 1002 3843 Well.
1016 3803 1084 3862 part.
1097 3793 1124 3854 l,
1135 3807 1196 3861 pag.
1211 3805 1269 3858 1⁰7.

378 3868 521 3922 dammodo
537 3873 615 3923 etiam
629 3891 680 3942 pro
698 3871 759 3923 loco
775 3872 877 3924 diverso
960 3872 985 3938 f.
1005 3869 1125 3942 Suffodit
1139 3868 1257 3944 inquiner.
1271 3868 1312 3919 Cf.
1328 3866 1423 3938 Xiphil.

376 3945 403 3998 ri
415 3948 545 4022 quomodo
558 3948 737 4020 suppeditent.
923 3951 1030 4014 LXVII,
1048 3965 1091 4018 173
1105 3948 1228 4000 Philostr.
1241 3947 1258 3998 l.
1272 3965 1296 3998 c.

414 4044 437 4078 a.
457 4025 618 4098 Stephanae,
636 4040 685 4078 etc.
701 4025 734 4077 de
750 4045 803 4096 quo
818 4025 879 4077 Phi·
959 4030 984 4084 5.
994 4027 1193 4083 cornicularius.
1204 4025 1425 4097 Comiculisequi·

378 4103 450 4157 lustr.
461 4108 533 4172 Vlll,
547 4122 586 4157 ιο.
601 4103 763 4158 Domitillam
777 4119 879 4168 autem,
924 4122 962 4161 tes
973 4109 1008 4161 ob
1017 4111 1140 4162 virtutem
1151 4109 1290 4180 insignitos
1299 4145 1307 4174 ,
1316 4107 1425 4177 legimus

378 4185 457 4238 liliam
472 4185 626 4249 Domitillae,
640 4188 737 4238 sororis
748 4185 879 4236 Domitia·
925 4187 996 4258 apud
1005 4189 1060 4238 Liv.
1072 4187 1112 4252 X,
1123 4186 1167 4252 44.
1180 4185 1244 4239 lnde
1254 4185 1374 4237 altiorem
1381 4185 1426 4236 rni-

378 4267 537 4330 ni,uxorern
545 4265 879 4330 PluviiClementisfuisse,
924 4265 984 4317 litiae
1003 4265 1114 4337 gradum
1131 4263 1267 4318 habebant
1281 4261 1425 4316 cornicula·
