3076 5146
304 477 310 486 ’
401 485 468 576 ³9⁶
776 488 812 549 e.
838 486 1069 554 sunrourr

400 611 511 680 tavitl.
528 618 655 681 Auctor
665 628 699 681 et
711 612 869 681 Tribunis
883 613 990 708 plebis
1004 614 1083 695 fuit,
1096 611 1238 681 AEdilem
1250 611 1422 682 ⁵sordidun

399 723 663 816 repetundarum
682 724 879 808 accusandi,
899 722 1100 820 judicesque
1122 728 1157 794 iu
1178 750 1258 794 eum
1277 750 1298 792 a
1320 728 1423 794 Senam

398 834 547 926 petendi.
561 834 811 926 Magistratibus
824 859 960 930 quoque
971 835 1113 919 urbicis,
1127 838 1424 930 provinciarumque

398 943 598 1037 presidibus
611 946 803 1014 coercendis
824 962 957 1014 tantum
977 969 1066 1013 curte
1085 945 1253 1028 adhibuit,
1275 961 1315 1012 ut
1333 969 1425 1039 neque

398 1053 639 1122 modestiores⁶
651 1079 820 1148 unquam,
832 1079 943 1149 neque
952 1052 1111 1148 justiores
1123 1057 1311 1123 exstiterint
1322 1081 1330 1120 :
1343 1075 1359 1117 e
1370 1054 1426 1147 qai

399 1163 462 1232 bus
472 1164 651 1260 plerosque
661 1182 739 1259 post
747 1165 844 1236 illtun
853 1191 928 1235 reos
939 1170 1090 1234 omnium
1098 1170 1278 1234 criminum
1287 1163 1424 1232 vidimus.

399 1278 559 1368 Suscepto
573 1300 707 1343 morum
721 1281 960 1360 correctione⁷‚
975 1276 1143 1344 licentiam
1154 1274 1351 1343 theatralem
1364 1298 1427 1366 pro

399 1387 527 1454 miscue
549 1389 584 1452 in
609 1384 749 1480 Equite³
773 1385 946 1479 spectandi
969 1386 1122 1454 inhibuit.
1148 1389 1278 1478 Scripta
1300 1383 1425 1474 famosa,

398 1493 568 1588 vulgoque
580 1493 684 1579 edita,
698 1494 820 1590 quibus
836 1499 999 1588 primores
1014 1499 1073 1564 viri
1086 1521 1125 1564 ac
1137 1496 1271 1564 feminae
1283 1494 1427 1562 notaban-

398 1619 469 1685 tur,
483 1603 646 1688 abolevit,
659 1629 729 1672 non
743 1607 813 1673 sine
825 1622 1001 1673 auctorum
1013 1607 1203 1696 ignominia.
1218 1606 1427 1690 Quaestorium

398 1716 545 1796 vimma,
560 1712 651 1808 quod
668 1714 888 1806 gesticulandi
905 1715 1116 1810 saltandique
1131 1713 1243 1782 studio
1257 1729 1426 1794 teneretur,

398 1828 505 1892 movit
520 1828 652 1898 Senatu.
671 1825 844 1894 Probrosis
861 1825 994 1894 feminis
1004 1843 1032 1874 ¹⁰
1045 1825 1171 1892 lecticae
1186 1848 1288 1892 usum
1302 1821 1427 1902 ademit,

397 1932 522 2030 jusque
543 1935 697 2028 capiendi
709 1935 824 2027 'legata
846 1933 1125 2031 hereditatesque.
1149 1937 1304 2029 Equitem
1325 1939 1427 2000 Roma·
1507 1971 1508 1998 l

399 2069 500 2128 num,
513 2044 556 2112 ob
568 2046 741 2113 reductam
753 2049 789 2112 in
801 2048 1051 2113 matrimonium
1064 2069 1219 2127 uxorem,
1232 2045 1287 2110 cui
1298 2041 1428 2108 dimisse

396 2151 554 2242 adulterii
574 2158 701 2222 crimen
720 2154 925 2237 intenderat,
947 2159 1049 2222 erasit
1060 2152 1214 2247 judicum
1232 2153 1320 2222 albo.
1337 2159 1429 2238 Quos

328 2277 336 2285 ’
400 2265 478 2333 dam
489 2290 531 2334 ex
542 2284 686 2362 utroque
698 2266 816 2334 ordine
829 2267 901 2360 lege
914 2269 1081 2336 Scantinia
1092 2279 1113 2306 ¹¹
1128 2264 1370 2335 condemnavit.
1383 2269 1429 2329 ln·

435 2451 461 2519 4.
478 2455 808 2526 Nummariosjudices....
822 2468 899 2509 nota·
944 2456 975 2522 4,
994 2456 1027 2508 ad
1042 2475 1103 2508 ann.
1122 2456 1188 2526 837,
1204 2467 1232 2506 et
1250 2451 1358 2505 Martial.
1375 2452 1430 2520 Epi·

400 2533 450 2594 vit,·
462 2532 488 2585 lt.
500 2554 522 2587 e.
533 2535 637 2604 judices
647 2541 733 2589 numis
744 2552 899 2610 corruptos,
943 2553 1050 2606 gramm.
1065 2533 1111 2594 Vl,
1126 2533 1150 2599 4.

400 2635 595 2688 quemqueeum
602 2631 654 2672 toto
660 2621 767 2673 consilio
767 2623 898 2693 judicum,
980 2612 1004 2664 8.
1024 2612 1058 2662 Iu
1069 2611 1180 2682 Equitu-
1195 2609 1264 2659 lsster
1278 2608 1393 2677 Equites,
1405 2605 1429 2653 5¹¹

399 2700 445 2768 qui
464 2699 491 2750 in
505 2697 598 2750 eadem
612 2718 692 2752 causa
710 2699 855 2768 sedissent,
870 2715 900 2752 ut
945 2687 1145 2761 quatuordecim
1159 2686 1308 2740 ordinibus·
1321 2686 1359 2737 Cf·
1370 2686 1430 2736 MN·

398 2773 518 2848 ejusdem
526 2777 609 2850 culpae
617 2777 840 2850 reos,velparum
849 2777 897 2831 c‘ir-
944 2769 999 2822 tial·
1012 2771 1044 2836 V,
1059 2771 1092 2834 8,

399 2869 566 2926 cumspectos
580 2857 608 2908 in
624 2856 751 2928 eligendis
765 2871 792 2909 et
804 2857 896 2910 obser·
968 2871 1063 2914 Edictum
1073 2871 1155 2914 Domini
1165 2873 1242 2928 Datque
1252 2871 1328 2918 amari.

398 2932 492 2986 vendis
506 2933 630 3006 collegis,
648 2950 711 2988 nota
725 2939 845 2989 censoria
857 2939 897 2989 af·
995 2935 1239 2994 Quosubseltiaeertton
1248 2934 1313 2984 finnt,

398 3012 469 3064 feeit.
494 3013 570 3064 conf.
593 3012 707 3065 Ernestii
729 3015 837 3066 Excurs.
865 3014 898 3065 ad
970 2996 1321 3055 tipumtqauortineuoeeptn

398 3088 470 3142 hunc
482 3090 579 3143 locum.
944 3098 970 3136 θῐ
983 3089 1013 3151 V,
1030 3085 1072 3136 ²3·

435 3171 460 3222 5.
485 3171 600 3223 AEdilem
622 3171 772 3234 sordidum
792 3189 897 3223 avarum
979 3180 1004 3233 9·
1022 3165 1191 3234 Qufflttvfl'um
1208 3164 1310 3229 ”immi
1324 3178 1371 3217 ⁶¹⁰·
1382 3163 1432 3214 ⁰²·

397 3247 472 3318 (vide
482 3249 516 3301 ad
530 3253 591 3302 Ner,
605 3250 668 3322 30),
686 3255 731 3324 qui
750 3271 798 3324 Per
813 3254 897 3303 avari.
945 3243 1034 3295 cilium
1048 3244 1172 3296 Rufinum
1186 3244 1303 3316 appellat
1318 3241 1432 3316 xiphilin.

397 3331 460 3380 tiam
473 3332 612 3400 pecuniam
623 3332 711 3402 aliqua
721 3332 754 3384 de
764 3349 843 3383 causa
856 3349 898 3383 oc·
942 3323 1049 3391 LXVH,
1065 3324 1105 3376 ¹3·

397 3409 518 3478 cepisset.
531 3409 739 3478 Repetundarum
752 3423 840 3462 autem
850 3411 899 3460 cri·
983 3419 1022 3454 ¹0-
1043 3404 1173 3455 Probrosis
1180 3403 1309 3475 femlnsst
1321 3401 1348 3452 h·
1360 3419 1381 3454 θ·
1392 3399 1434 3451 ad·

397 3501 481 3548 men,
506 3497 536 3535 ut
559 3487 616 3555 ipsa
643 3487 802 3558 etymologia
826 3489 898 3540 vocis
942 3481 1029 3533 ulterii
1050 3484 1188 3534 convictis.
1213 3481 1292 3534 Conf.
1316 3478 1434 3551 xiphilin.

397 3561 532 3627 ostendit,
558 3563 593 3614 ab
616 3567 734 3635 quamvis
756 3569 896 3637 pecuniam
942 3561 1108 3626 vat1‚12.

396 3652 489 3690 eontra
505 3636 589 3709 leges,
605 3641 702 3709 injuste
720 3643 801 3708 adeo,
819 3662 897 3695 acce·
981 3659 1019 3692 tr.
1036 3641 1103 3712 Lepe
1114 3642 1265 3703 Scantinia;
1276 3639 1318 3692 vel
1330 3639 1438 3693 Scatinia

397 3721 470 3780 ptam
484 3709 636 3762 intenditur·
942 3718 1070 3790 (utraque
1085 3722 1155 3772 enirn
1171 3721 1303 3790 scriptura
1322 3717 1438 3770 omnibus

432 3789 457 3840 6.
477 3789 662 3853 Modestiores,·
689 3791 742 3844 hoc
768 3808 824 3858 est,
852 3796 897 3864 qui
941 3795 1440 3864 locis‚ubioccurrit‚obtinet;Scati·

396 3871 524 3939 majorem
554 3867 741 3922 abstinentiam
773 3870 897 3923 ostende·
943 3877 1015 3928 niam
1034 3891 1123 3929 autem
1141 3879 1273 3929 veriorem
1290 3885 1365 3938 osse,
1383 3886 1439 3946 post

395 3961 463 3999 rent.
476 3948 658 4018 Opponnutur
671 3951 763 4003 αυανίε.
776 3951 841 4003 Vide
858 3970 899 4003 su·
944 3951 1010 4006 alios
1032 3955 1170 4007 contendit
1194 3952 1274 4006 Bach.
1297 3955 1364 4005 llist.
1386 3953 1437 4003 Jur.

395 4043 443 4094 pra
456 4024 490 4077 ad
501 4027 553 4077 Tit.
567 4047 590 4078 c.
604 4028 630 4093 4.
942 4034 1017 4085 Rom.
1027 4053 1087 4106 pag.
1100 4035 1159 4106 144)
1166 4034 1198 4086 de
1205 4033 1324 4104 nefanda
1333 4034 1439 4097 Venere,

432 4121 457 4173 7.
476 4106 598 4177 Stucepta
611 4127 710 4162 mamm
726 4109 881 4161 correctione
886 4131 895 4170 ;
943 4131 1021 4185 quam
1036 4113 1180 4166 Scatiuium
1198 4112 1339 4185 quemdam
1358 4113 1440 4164 Arici·

395 4185 577 4237 sirecensura.
590 4187 665 4240 Coaf.
680 4187 777 4260 xiphtt.
790 4188 894 4256 vau‚
941 4211 1004 4244 num
1021 4193 1111 4247 tulisse
1130 4194 1280 4246 existimant
1295 4211 1356 4245 ann.
1377 4191 1439 4248 526,
