3066 5148
368 497 390 564 6
742 498 777 562 C.
803 496 1037 562 SUETONII

367 627 513 720 quentiae
529 624 759 718 doctrinaeque
774 647 896 718 genere
911 621 1128 718 praecellens,
1145 621 1415 692 benevolentiam

368 733 590 826 singularem,
612 733 898 828 conciliandaeque
918 733 1096 804 hominum
1116 736 1250 825 grene,
1274 757 1314 802 ac
1333 757 1414 826 pro-

365 845 519 914 merendi
534 849 658 914 amoris
670 847 795 914 mirum
806 861 841 914 et
851 844 969 916 efficax
981 845 1142 914 studium.
1158 851 1287 916 Formae
1300 848 1414 914 minus

364 956 573 1050 congruebat
592 956 758 1049 gracilitas
778 980 933 1040 crurum,
956 953 1016 1025 sed
1035 979 1076 1024 ea
1095 979 1229 1051 quoque
1249 955 1416 1048 paulatim

365 1068 511 1162 replete,
525 1069 660 1136 assidua
674 1073 752 1164 equi
768 1071 955 1138 vectatione
971 1085 1049 1163 post
1064 1068 1188 1138 cibum.
1201 1073 1341 1136 Hostem
1356 1092 1416 1136 co·

364 1183 478 1250 minus
494 1203 584 1273 saepe
599 1183 776 1274 percussit.
790 1183 907 1250 Oravit
920 1178 1057 1250 causas³
1070 1183 1171 1250 etiam
1181 1179 1415 1272 triumphalis3

355 1307 468 1386 atque
484 1293 572 1360 inter
589 1307 700 1360 cetera
718 1292 908 1361 studiorum
920 1309 1141 1362 monumenta
1158 1291 1295 1386 reliquit
1309 1307 1344 1359 et
1359 1315 1418 1359 co-

365 1387 663 1472 moedias'oraecas.
679 1407 777 1473 Domi
788 1405 938 1500 forisque
949 1403 1053 1472 civilis
1064 1431 1072 1472 ε
1084 1403 1190 1473 libera
1201 1427 1241 1472 ac
1253 1401 1418 1470 foederata

365 1511 491 1606 oppida
509 1515 581 1582 sine
598 1513 793 1584 lictoribust
808 1513 931 1583 adibat.
953 1515 1063 1584 Sicubi
1081 1514 1250 1584 clarorum
1263 1516 1418 1584 virorum

364 1623 522 1716 sepulcra
536 1641 768 1716 cognosceret,
782 1625 917 1694 inferias
935 1625 1092 1694 Manibus
1110 1625 1223 1694 dabat.
1242 1629 1418 1693 Caesorum

365 1732 460 1803 clade
471 1737 616 1802 Variana
633 1751 817 1808 veteresne
834 1736 1003 1832 dispersas
1022 1736 1180 1833 reliquias
1195 1759 1265 1804 uno
1282 1733 1418 1804 tumulo

364 1841 583 1929 humaturus,
602 1844 760 1938 colligere
778 1871 840 1916 sua
859 1872 980 1931 manu,
1000 1865 1034 1916 et
1051 1863 1263 1942 comportare
1283 1848 1419 1938 primus

365 1978 543 2047 aggressus
562 1955 642 2024 est⁵.
664 1956 953 2042 Obtrectatoribus
972 1960 1088 2043 etiam,
1109 1956 1363 2052 qualescunque
1381 1972 1420 2024 et

364 2082 628 2162 quantacunque
641 2067 685 2136 de
700 2092 803 2136 causa
819 2084 936 2138 necnts
954 2087 1056 2154 esset,
1069 2067 1155 2137 lenis
1169 2067 1254 2136 adeo
1271 2084 1305 2134 et
1319 2071 1419 2134 inno-

366 2179 459 2262 xius,
479 2193 518 2244 ut
535 2181 662 2264 Pisoni,
677 2179 813 2250 decreta
826 2205 887 2249 sua
900 2181 1120 2264 rescindenti,
1139 2177 1310 2248 clientelas
1325 2175 1419 2246 dive-

366 2285 492 2373 xantifi,
505 2313 575 2360 non
587 2295 682 2385 prius
694 2315 892 2362 succensere
904 2296 940 2362 in
953 2295 1104 2362 animum
1115 2289 1298 2373 induxerit,
1312 2312 1418 2383 quam

366 2541 393 2580 et
403 2527 508 2580 Latino.
519 2527 586 2582 Vide
598 2529 633 2582 ad
645 2531 732 2585 Tiber.
746 2550 805 2605 cap.
821 2550 864 2602 70.
911 2550 968 2584 rum
978 2531 1060 2584 humo
1071 2541 1184 2602 teperet,
1195 2546 1301 2596 omnes,
1311 2539 1341 2580 ut
1353 2545 1419 2580 con·

402 2616 427 2668 3,
450 2618 541 2670 oravit
556 2638 657 2687 cam,
675 2634 726 2674 εις,
742 2621 783 2674 cf,
800 2623 865 2688 Dio,
907 2607 1419 2682 junctos,utcontanguineos,auctain

365 2696 439 2764 LVI,
454 2697 495 2751 26,
509 2697 585 2752 ovid,
601 2701 671 2753 Fut,
682 2704 706 2768 1,
722 2718 768 2754 21:
910 2688 1015 2742 hostem
1026 2690 1082 2754 ira,
1096 2689 1182 2740 moesti
1194 2685 1272 2738 simul
1283 2699 1310 2738 et
1319 2685 1419 2739 infensi

366 2783 415 2839 Qua
425 2784 452 2826 sit
461 2783 517 2826 enim
526 2784 577 2826 enit
586 2784 679 2829 bound·
688 2789 789 2831 sentimus
797 2790 848 2840 orit,
912 2766 1072 2820 condebant.
1082 2769 1197 2819 Primum
1207 2763 1368 2818 exstruendo
1379 2779 1419 2818 tu·

393 2844 462 2886 Civica
471 2859 509 2902 pro
518 2845 603 2902 trepidis
612 2862 675 2904 quum
685 2849 733 2891 tulit
742 2862 799 2890 arma
809 2851 853 2892 reis
912 2847 985 2901 mulo
1000 2850 1127 2920 cespitem
1140 2848 1226 2900 Caesar
1237 2848 1342 2917 posuit,
1356 2864 1418 2916 gra.

365 2917 556 2984 Fumantem,
568 2919 755 2992 triumphalem
767 2920 821 2974 dici
833 2920 868 2973 ob
912 2929 1012 2980 tissime
1031 2917 1140 2980 munere
1160 2928 1187 2978 in
1206 2924 1367 2990 defunctos‚
1390 2939 1418 2978 et

367 3009 522 3048 ornamenta
541 2997 710 3069 triumphalia
728 3001 802 3071 prius
823 3018 868 3051 ac·
912 3006 1084 3078 praesentibua
1104 3005 1203 3058 doloris
1222 3005 1319 3058 socius.
1334 3003 1419 3070 Quod

367 3088 459 3146 cepta,
471 3077 868 3150 quumstatimpostlegitimum
912 3087 1018 3140 Tiberio
1030 3085 1104 3139 hand
1116 3085 1275 3157 probatum,
1290 3103 1338 3136 seu
1350 3103 1419 3138 cun-

365 3152 527 3225 triumphum
540 3156 568 3205 in
579 3156 717 3210 Orientem
730 3159 868 3227 profectus
908 3180 955 3226 ¹eta
965 3165 1114 3219 Germanici
1121 3167 1148 3217 in
1159 3163 1275 3216 deterius
1285 3161 1419 3230 trahenti,

365 3233 454 3284 fuerit·
912 3246 965 3298 sive
986 3248 1128 3300 exercitum
1148 3244 1263 3314 imagine
1286 3261 1419 3296 caesorum

403 3321 428 3388 4.
447 3321 509 3376 Sine
528 3321 663 3376 lictoribus.
683 3322 794 3376 Athenis
812 3343 867 3377 uno
911 3323 1157 3395 insepultorumque
1165 3321 1298 3374 tardatum
1311 3319 1344 3372 nd
1354 3341 1419 3394 proa-

364 3401 459 3453 lictore
476 3420 538 3454 usus
552 3415 600 3454 est.
614 3404 699 3456 Tacit.
718 3403 813 3456 Annal.
828 3405 867 3470 Π,
910 3402 947 3454 lia
955 3418 981 3456 et
988 3402 1229 3456 formidolosiorem
1237 3401 1354 3456 hostium
1362 3419 1419 3456 cre·

367 3480 417 3547 53,
434 3481 524 3532 «Hinc
538 3493 645 3533 rentum
663 3482 797 3550 Athenas,
816 3483 867 3534 foe-
911 3482 1021 3535 debat..

366 3559 475 3632 derique
490 3560 567 3610 sociae
578 3573 603 3610 et
619 3574 727 3614 vetustae
737 3561 810 3614 urbis
823 3560 867 3612 da·
947 3569 974 3622 6,
983 3569 1132 3622 Βῐυωεαηιί.
1143 3569 1301 3639 Recepimus
1310 3587 1359 3639 pro
1370 3570 1418 3624 diu

351 3669 355 3678 =
366 3651 436 3704 tum,
446 3651 477 3688 ut
486 3656 540 3689 uno
551 3636 644 3690 lictore
655 3652 807 3707 uteretur‚·
822 3639 868 3692 ubl
913 3651 1018 3701 vexanti
1022 3647 1418 3718 emendationem‚quae1jpsi0‚

366 3715 508 3788 Videlsip&
911 3729 1066 3794 Torrentio,
1086 3726 1230 3792 salmasio,
1251 3728 1279 3778 in
1300 3741 1418 3781 mentem

402 3801 427 3856 5.
450 3803 626 3856 Caesenam...
646 3802 821 3876 reliquias...
842 3816 868 3856 et
911 3809 997 3875 venit,
1010 3807 1149 3880 probatam
1162 3807 1241 3858 etiam
1252 3805 1361 3858 Wollio.
1373 3807 1419 3859 ln·

367 3895 527 3954 comportare
544 3882 648 3953 primus
667 3902 796 3956 oppressio
814 3893 867 3946 erit
910 3887 952 3941 fra
966 3889 1029 3938 Ner.
1043 3886 1092 3952 34,
1107 3887 1255 3956 «nequein
1267 3885 1419 3948 diuexanda

367 3978 429 4012 ann.
444 3960 505 4031 768.
514 3961 598 4013 Tacit.
611 3962 635 4027 1,
648 3960 696 4014 62:
712 3964 868 4014 «Romanus
913 3966 1056 4035 quicquam
1071 3966 1148 4034 pensi
1162 3962 1286 4015 habuit.»
1302 3965 1416 4017 Decreta

367 4041 509 4106 exercitus,
527 4052 629 4092 sextum
646 4054 708 4112 post
725 4038 807 4094 cladis
822 4059 869 4094 an·
912 4046 1022 4096 rescissa
1033 4061 1050 4096 a
1061 4045 1155 4095 Pisone
1167 4041 1329 4094 narrat'l'ac.
1342 4041 1415 4094 Ann.

366 4137 443 4186 num,
462 4120 540 4171 trium
553 4119 687 4191 legionum
704 4139 778 4190 ossa,
793 4120 867 4174 nullo
912 4121 951 4189 11,
964 4121 1013 4190 69:
1032 4121 1087 4172 adt
1100 4121 1287 4186 Germanicus,
1298 4120 1415 4192 AEgypto

366 4212 507 4266 noscente,
520 4199 619 4254 alienas
629 4201 752 4274 reliquias
763 4221 796 4255 an
807 4220 869 4255 suo·
912 4219 1045 4268 remeans,
1057 4214 1168 4267 cuneta,
1182 4219 1239 4272 quae
1249 4198 1321 4271 apud
1329 4199 1415 4272 legio-
