3076 5146
414 475 668 592 Exuuusus
690 526 746 606 11,
771 525 842 590 111.
1087 529 1154 618 479

100 655 265 710 militaribus
282 655 414 726 suspensi.
426 652 508 721 Quod
525 652 560 705 ad
573 651 723 706 dissensum
739 649 850 725 iosephi
867 664 895 704 et
907 652 1028 707 Suetonii
1044 656 1155 725 attinet,

99 750 201 790 neuter
210 734 316 788 videtur
325 752 396 801 rem,
410 736 449 786 uti
459 745 533 804 gesta
546 745 631 794 esset,
645 746 691 785 aut
702 735 852 803 ignorasse,
863 744 922 800 ant,
934 734 973 786 nti
984 748 1089 801 nosset,
1101 747 1156 789 tra·

98 813 166 868 dere
178 811 305 866 noluisse.
319 814 411 882 ltaque
423 813 552 882 optimum
566 811 658 876 fuerit,
672 813 834 878 existimare,
850 810 884 862 de
899 811 978 864 rebus
993 812 1100 866 diversis
1112 813 1155 866 lo·

98 893 148 965 qui
161 905 314 962 utrumqne.
328 889 399 942 Olim
410 891 519 942 summis
534 887 634 943 artibus
648 889 827 961 precibusque
841 890 954 956 Tiberii,
967 909 982 942 a
993 891 1100 943 Vitellio
1111 894 1153 944 in-

97 974 216 1038 vitatus,
232 969 383 1022 Artabanus
397 969 431 1021 ad
445 971 530 1040 ripam
545 969 687 1042 Euphratis
699 983 726 1022 et
740 967 903 1040 colloquium
918 972 1004 1037 venit,
1020 972 1047 1022 in
1064 970 1153 1024 medio

97 1051 219 1104 fluminis
230 1062 326 1122 ponte,
340 1049 387 1100 ubi
402 1050 483 1102 etiam
498 1049 619 1101 convivio
632 1051 734 1120 excepti
746 1061 808 1101 sunt
822 1048 856 1100 ab
870 1048 985 1102 Herode.
1000 1051 1058 1102 floc
1073 1049 1154 1102 tradit

96 1130 252 1203 losephus,
264 1129 283 1181 l.
293 1147 316 1180 c.
328 1147 387 1200 cap.
401 1127 475 1194 4,nil
487 1127 608 1199 amplius.
619 1129 697 1179 Nunc
712 1140 817 1196 autem,
830 1147 911 1201 quum
922 1127 994 1181 idem
1008 1128 1095 1182 adbuc
1106 1131 1153 1181 vi-

96 1210 190 1264 tellius
199 1210 280 1283 Syriae
289 1221 426 1282 praeesset,
437 1205 509 1260 ultro
519 1211 602 1275 veuit,
612 1210 753 1262 amicitiam
762 1210 853 1281 petiit,
861 1211 949 1278 ipsum
959 1209 1055 1262 flumen
1065 1223 1152 1262 traus-

95 1292 143 1358 iit,
162 1291 289 1361 venitque
307 1290 335 1342 in
350 1302 435 1341 castra
448 1289 583 1353 Romana,
599 1301 625 1339 et
639 1289 713 1359 signa
730 1287 936 1364 adoravisset.
953 1289 1015 1342 Non
1028 1290 1151 1361 profecto

95 1369 162 1421 talis
174 1383 270 1421 auctor
284 1382 323 1422 est
333 1367 480 1440 Josephus,
494 1380 524 1418 nt
538 1370 595 1438 ejus
608 1365 770 1420 defendendi
781 1385 877 1422 caussa
889 1387 945 1422 rem
957 1389 1005 1442 per
1017 1388 1045 1422 se
1055 1388 1151 1441 parum

94 1448 271 1520 probabilem
281 1449 380 1520 lingere
391 1459 523 1520 oporteat.
534 1447 669 1500 Wourrus.

373 1830 747 1929 EXCURSUS
786 1833 874 1926 111

304 2089 743 2177 snusmnuusu,
771 2089 856 2160 cip.
887 2115 944 2189 η.

93 2601 131 2688 P
133 2651 223 2688 amuis
233 2629 421 2704 (consulatum)
430 2647 462 2681 esc
471 2625 534 2680 Kal.
544 2627 639 2694 Juliis,
650 2639 699 2680 etc.
710 2627 797 2678 Prima
806 2625 851 2679 bic
857 2627 1004 2682 Burmanni
1017 2628 1148 2686 dubitatio

91 2729 151 2780 est,
170 2733 265 2786 quare,
282 2730 364 2784 quum
379 2728 470 2761 mense
482 2709 578 2760 Martio
589 2712 646 2779 jum
658 2719 777 2760 mortuus
791 2719 860 2759 esset
870 2706 1008 2777 Tiberius,
1022 2711 1150 2767 Kalendis

92 2797 163 2849 tulii
178 2795 288 2846 demum
299 2793 386 2844 inierit
400 2789 581 2843 consulatum:
600 2807 679 2860 quam
693 2785 837 2840 dissolvero
853 2785 897 2840 ille
909 2807 964 2841 nou
979 2795 1076 2862 potuit.
1091 2794 1149 2864 Ego

93 2875 254 2932 solvendam
272 2887 338 2947 puto
354 2875 406 2938 sic,
424 2883 455 2922 ut
470 2870 603 2938 dicamus,
620 2868 757 2922 Kalendas
772 2869 857 2923 iulias
872 2870 1012 2924 sollemnes
1027 2874 1149 2947 inprimis

92 2960 182 3010 fuisse
194 2953 355 3008 Consulibus
372 2953 505 3017 suffectis,
519 2951 569 3002 sub
585 2951 705 3019 Augusto
723 2951 854 3019 inprimis,
868 2964 899 3001 ut
914 2969 968 3004 non
983 2953 1078 3021 facile,
1098 2957 1148 3010 nisi

91 3051 207 3088 mortuo
222 3033 311 3104 aliquo
326 3029 458 3098 Consule,
473 3029 661 3082 succederetur
675 3025 833 3095 ordinariis,
851 3029 903 3080 nisi
916 3027 1044 3085 Kalendis
1056 3032 1148 3087 Juliis:

91 3115 121 3168 id
133 3113 210 3186 quod
220 3113 291 3163 Fasti
300 3107 453 3182 consulares
466 3109 618 3182 planissime
628 3105 818 3158 demonstrant.
829 3106 929 3162 Caussa
939 3123 1028 3162 autem
1040 3115 1097 3182 ejus
1110 3115 1150 3167 rei

92 3197 148 3248 fuit
160 3192 234 3258 haec,
250 3189 324 3263 quod
336 3209 372 3242 ese
386 3203 447 3242 suut
461 3190 566 3240 initium
580 3187 687 3240 alterius
702 3188 849 3256 semestris,
864 3208 934 3242 anuo
948 3190 1027 3262 vulgo
1040 3193 1067 3245 in
1081 3192 1149 3248 duas

91 3289 188 3348 partes
201 3271 300 3337 diviso,
317 3282 427 3342 propter
442 3287 520 3341 quam
534 3285 655 3320 caussam
667 3267 746 3320 etiam
758 3267 905 3321 locationes
917 3283 942 3322 et
956 3271 1148 3326 conductiones

91 3353 195 3407 sedium
207 3352 257 3404 hac
270 3350 312 3403 die
324 3351 423 3417 factas,
437 3349 549 3401 vidimus
557 3350 675 3400 Excursn
686 3347 721 3399 ad
732 3347 819 3400 Tiber.
835 3367 895 3421 cap.
907 3349 950 3404 35·
962 3351 1013 3403 Dio
1027 3352 1149 3424 quidem,

90 3434 142 3489 lib.
157 3436 233 3500 LIX,
244 3451 305 3504 pag.
320 3432 391 3499 644,
407 3431 503 3483 diserte
517 3429 613 3495 tradit,
632 3430 725 3482 Caium
743 3429 878 3497 noluisse,
889 3429 1068 3502 popularitate
1082 3453 1150 3505 qua·

91 3516 176 3582 darn,
190 3517 264 3586 prius
278 3513 446 3566 consulatum
461 3512 544 3578 inire,
560 3530 638 3583 quam
653 3524 778 3563 semestre
792 3510 940 3564 Consulum
954 3511 1149 3567 ordinariorum

92 3599 221 3661 exiisset,
234 3593 375 3665 additque,
388 3594 414 3644 in
426 3605 466 3644 tot
478 3609 581 3645 menses
593 3594 624 3643 iis
636 3590 803 3644 consulatum
815 3589 907 3643 datum
920 3591 1017 3658 fuisse,
1030 3594 1104 3665 quod
1116 3595 1149 3648 de

91 3695 173 3728 more
185 3675 299 3738 factum,
312 3672 427 3725 dubitari
440 3673 541 3743 nequit.
555 3670 646 3724 Altera
659 3671 788 3724 dubitatio
801 3673 920 3724 nascitur
932 3691 946 3723 e
958 3671 1051 3727 Claud.
1065 3695 1088 3727 c.
1104 3675 1150 3743 14,

91 3755 144 3808 nbi
155 3753 282 3807 Claudius
295 3752 402 3820 dicitur,
417 3769 508 3803 «noro
520 3753 589 3802 circa
600 3753 751 3822 principem
761 3749 896 3822 exemplo,
909 3751 1034 3803 inlocum
1046 3751 1149 3805 demor—
1211 3805 1214 3817 ,

91 3835 135 3886 tui
149 3833 280 3884 suffectus
291 3851 377 3884 esse.»
390 3829 441 3882 Sed
450 3829 505 3881 haec
516 3829 640 3882 facillime
653 3829 763 3882 tollitur.
773 3831 841 3882 Nam
851 3832 951 3902 primo,
965 3834 1011 3904 qui
1021 3831 1148 3885 Kalendis

90 3910 173 3965 iuliis
192 3912 375 3978 sufficiuntur,
391 3929 446 3962 non
461 3908 600 3961 demortuo
618 3911 801 3978 sufficiuntur,
818 3908 913 3961 sedda
930 3929 1018 3975 more,
1035 3931 1051 3964 a
1067 3911 1148 3984 longo

92 4007 219 4063 tempore
233 4005 355 4062 recepto,
371 4003 401 4041 ut
417 3987 543 4040 Kalendis
560 3988 623 4040 tulii
641 3987 685 4041 alii
701 3989 830 4042 Consules
847 3989 1009 4062 procedant,
1026 3992 1147 4042 instituto

92 4070 143 4123 illo
154 4069 188 4122 ab
202 4071 321 4140 Augusto
334 4082 488 4141 propterea,
501 4082 530 4119 ut
542 4067 658 4120 bonores
671 4087 731 4120 cum
743 4068 864 4140 plurimis
877 4070 1146 4134 communicarentur3

92 4149 171 4224 quod
184 4147 261 4202 illum
277 4148 310 4200 de
327 4149 439 4202 consilio
455 4150 606 4202 Maecenatis
624 4151 783 4216 instituisse,
803 4149 916 4200 eDione
933 4146 1065 4199 discimus.
1079 4148 1147 4200 Tum

92 4230 140 4282 hic
156 4231 289 4284 sufficitur
298 4231 392 4298 Caius,
404 4249 459 4283 uon
476 4242 597 4284 currente
610 4231 739 4303 imperio,
750 4229 799 4283 sed
809 4229 889 4282 initiis
903 4229 976 4299 ejus,
989 4247 1047 4301 quae
1058 4231 1147 4283 ornari
