3076 5146
392 518 455 598 408
762 517 798 579 c.
824 515 1056 582 sunronn

389 643 475 736 phos
483 651 507 724 ⁹,
518 641 708 710 Germanici
718 642 917 730 cognomine
926 624 1092 720 assumto,
1103 638 1327 731 Septembrem
1338 665 1416 706 men-

390 777 460 822 sem
482 770 515 820 et
533 751 712 820 Octobrem
730 775 770 817 ex
790 750 1070 843 appellationibus
1089 753 1173 834 suis,
1195 753 1415 818 Germanimm

389 867 683 957 Domitianumque
699 864 1029 942 transnominavit¹⁰;
1046 860 1136 958 quod
1151 861 1255 930 altero
1270 865 1418 954 suscepis·
1526 845 1527 852 ¹

390 990 441 1042 set
451 976 646 1066 imperium,
660 971 766 1040 altero
780 989 879 1040 natus
893 989 991 1040 esset.

400 1091 405 1098 “
435 1088 522 1150 XIV.
549 1089 611 1150 Per
623 1082 695 1150 haec
706 1081 863 1149 terribilis
876 1085 1006 1149 eunctis
1021 1097 1054 1147 et
1067 1084 1210 1163 invisus,
1223 1081 1357 1148 tandem
1368 1106 1418 1174 op-

389 1217 526 1286 pressus
543 1209 594 1260 est
609 1193 794 1260 amicorum
808 1191 1074 1286 libertorumque
1090 1193 1287 1258 intimorum
1300 1195 1418 1284 conspi·
1526 1229 1527 1264 2

389 1307 532 1386 ratione,
548 1302 648 1371 simul
661 1319 694 1370 et
707 1306 820 1370 uxoris
832 1313 852 1370 ¹.
869 1308 1002 1370 Annum
1017 1301 1174 1397 diemque
1187 1302 1343 1371 ultimum
1353 1307 1419 1372 vita

384 1411 456 1506 jam
474 1414 606 1506 pridem
622 1427 815 1504 suspectum
833 1411 996 1479 babebat:
1015 1412 1134 1480 horam
1149 1415 1266 1495 etiam,
1286 1438 1346 1484 nee
1360 1437 1418 1480 uon

389 1542 423 1594 et
436 1549 542 1618 genus
558 1527 685 1591 mortis.
701 1522 959 1592 Adolescentolo
975 1522 1123 1593 Chaldaei
1138 1539 1258 1590 cuncta
1272 1522 1420 1616 praedixe·

388 1653 476 1706 rant.
495 1645 592 1705 Pater
610 1661 744 1732 quoque
761 1661 861 1728 super
875 1659 1005 1702 coenam
1022 1633 1193 1728 quondam
1206 1636 1319 1726 fungis
1334 1636 1420 1704 absti-

388 1761 524 1814 nentem
537 1745 648 1839 palam
660 1749 822 1830 irriserat,
835 1762 875 1812 ut
884 1750 1038 1837 ignarum
1051 1748 1148 1813 sortis
1161 1771 1246 1828 suae,
1261 1747 1350 1841 quod
1361 1771 1420 1816 non

389 1859 515 1926 ferrum
532 1862 643 1950 potius
659 1861 800 1925 timeret.
820 1863 930 1943 Quare
949 1847 1091 1950 pavidus
1107 1880 1242 1951 semper
1258 1877 1356 1954 atque
1372 1884 1421 1924 an-

390 1973 479 2054 xius,
498 1973 644 2038 minimis
663 1974 763 2037 etiam
784 1969 1030 2061 suspicionibus
1048 1985 1176 2062 praeter
1187 1967 1326 2038 modum
1342 1994 1420 2038 com·
1526 2015 1527 2020 κ

389 2079 604 2164 movebatur,
627 2096 666 2146 ut
689 2077 804 2161 edicti,
827 2077 870 2144 de
893 2075 1086 2145 excidendis
1105 2079 1233 2144 vineis²
1256 2080 1420 2170 propositi,

390 2192 530 2280 gratiam
552 2189 661 2256 facere
682 2212 750 2255 non
771 2187 837 2254 alia
858 2189 964 2278 magis
986 2212 1021 2253 re
1043 2186 1239 2279 compulsus
1263 2185 1420 2269 credatur,

390 2324 490 2393 quam
504 2301 595 2396 quod
610 2304 716 2394 sparsi
731 2299 834 2366 libelli
846 2324 923 2374 cum
936 2299 1152 2366 bislversibus
1165 2317 1280 2366 erant:

529 2447 584 2546 Κῖὅνη
594 2470 623 2526 με
635 2439 731 2526 quipp:3
741 2448 784 2505 ἐπὶ
794 2449 879 2527 ῥίζαν,
894 2447 959 2524 ὅμως
969 2445 1007 2503 ἔτι
1019 2450 1214 2526 καρποφορήσω,

567 2554 653 2603 orror
668 2548 814 2604 ἕπισπεῖσαι
829 2552 936 2625 Καίσαρι
949 2548 1073 2622 θυομένῳ.

391 2796 423 2828 ne
445 2778 589 2830 discrimine
610 2797 719 2830 ararium.
730 2802 742 2826 n
768 2781 889 2830 Ceterum
935 2793 1034 2832 serata
1050 2779 1129 2830 Conf.
1144 2777 1278 2830 Plutarch.
1294 2779 1422 2845 Num.19;

391 2875 451 2909 curn
470 2858 571 2922 burm,
592 2856 731 2922 Oudend,
749 2871 775 2909 et
789 2857 889 2910 Wolfio
935 2857 1047 2909 Martial.
1064 2859 1153 2927 Epigr.
1171 2857 1223 2921 lli,
1242 2875 1274 2920 ²5
1290 2859 1354 2910 Stet.
1371 2856 1423 2908 Silv.

390 2936 659 3011 edidimusquotrmte
666 2956 723 2989 eum
733 2956 822 3004 nemo,
833 2937 888 2990 scil.
935 2938 979 3002 tv,
995 2955 1016 3002 1,
1029 2937 1076 3002 423
1088 2935 1153 2987 Plin.
1166 2938 1262 3006 Paneg.
1277 2936 1320 3003 54.

391 3018 474 3089 cepit,·
492 3036 564 3083 non,
582 3028 612 3069 nt
627 3017 697 3088 vulg.
720 3018 811 3089 equod
828 3029 889 3069 ante
969 3017 1036 3068 XIV.
1049 3015 1426 3088 1.Amicorum...conspirario-

391 3114 451 3146 eum
463 3115 576 3162 nem0,u
592 3096 647 3149 scil.
655 3097 731 3168 feeit.
936 3095 1074 3161 ne,simul
1082 3108 1108 3148 et
1117 3097 1209 3148 uxoris.
1218 3097 1298 3148 Conf.
1309 3094 1424 3168 Xipbiliu.

426 3190 451 3242 9.
472 3174 561 3227 Post...
578 3175 640 3226 duos
658 3173 809 3246 triumphos.
824 3174 890 3226 Vide
935 3177 1043 3241 van,
1061 3175 1090 3227 1⁵
1101 3197 1108 3237 ;
1119 3178 1220 3240 Victor,
1234 3177 1305 3247 Epit.
1322 3193 1362 3237 ιι,
1373 3176 1425 3246 qui:

391 3270 413 3301 c.
430 3250 461 3316 6,
474 3251 519 3304 uhi
535 3250 636 3305 dictum
648 3254 726 3304 etiam
740 3251 773 3304 de
786 3253 891 3304 Germa-
938 3253 1059 3307 «adscite
1070 3257 1151 3307 etiem
1161 3257 1188 3320 ip
1202 3256 1342 3307 eonsilium
1352 3269 1427 3327 tyran·

391 3329 443 3380 miei
455 3343 480 3381 et
492 3331 596 3399 Daeiei,
610 3350 667 3403 quae
679 3331 843 3382 Domitianus
853 3349 891 3384 as·
935 3335 962 3384 ni
977 3351 1057 3384 uxore
1068 3332 1200 3394 Domitia,
1213 3332 1249 3384 ob
1261 3328 1376 3384 ¹imorem
1385 3336 1427 3384 Pa·

390 3410 496 3473 sumsit,
509 3409 721 3480 cognominibus.
935 3411 998 3463 ridis
1008 3410 1165 3464 histrionisa
1175 3412 1297 3484 Principe
1304 3414 1427 3464 crucinu

429 3503 469 3538 ro.
487 3487 689 3558 Septembrem...
703 3488 890 3541 transnomina·
935 3489 1126 3544 formidante.»

390 3566 435 3616 vit.
458 3564 615 3637 susceperat
634 3569 774 3638 imperium
794 3567 837 3620 die
860 3570 889 3620 13
972 3587 993 3621 a.
1014 3567 1054 3620 De
1062 3569 1207 3622 excidendis
1215 3571 1306 3622 vineis.
1314 3563 1428 3621 Conf.ed

390 3641 462 3713 Sept.
476 3643 541 3710 834,
554 3663 607 3716 quo
620 3645 723 3698 obierat
733 3647 808 3698 Titus
819 3645 890 3716 (vide
934 3667 992 3720 cap.
1011 3667 1037 3719 7.
1052 3678 1087 3688 -
1102 3649 1191 3700 Edicta·
1202 3651 1316 3722 qratiam
1330 3648 1427 3720 facere,

390 3721 425 3774 ad
438 3724 489 3775 Tit.
506 3722 562 3794 11);
581 3738 659 3776 natus
674 3737 762 3777 eutem
777 3739 833 3779 erat
847 3725 890 3778 die
934 3742 963 3780 ut
974 3747 1054 3800 supra
1064 3729 1189 3799 legimus,
1199 3732 1312 3801 August.
1327 3746 1368 3799 ¹7⁷
1376 3745 1428 3801 qm·

392 3801 425 3868 24
434 3801 544 3856 Octobr.
557 3803 606 3872 (ci.
617 3805 716 3856 Domit.
727 3823 750 3856 c.
764 3805 801 3876 1).
813 3808 889 3858 Dere
934 3807 998 3859 tiam
1011 3807 1078 3878 fecit
1091 3808 1254 3879 conjurandi.
1270 3805 1312 3858 Ad
1328 3806 1427 3858 verbum

390 3879 488 3952 Xipltil.
501 3881 608 3946 LXVll,
618 3881 643 3948 4.
652 3882 771 3934 Macrob.
785 3884 887 3935 Saturn.
933 3903 999 3952 nos,
1008 3886 1080 3956 faire
1088 3887 1167 3958 φάει»
1177 3886 1208 3937 de
1222 3885 1336 3959 quelque
1349 3886 1427 3949 eloe,

389 3962 415 4024 1,
430 3977 477 4012 12:
493 3960 591 4012 Mensis
602 3960 749 4032 September
760 3965 890 4033 principa·
933 3963 1030 4036 aliquid
1044 3968 1183 4018 remittere.

390 4037 888 4111 lemsuiretinetappellationem,quem
968 4046 993 4097 3.
1014 4043 1056 4095 lt»
1071 4063 1102 4110 pr
1118 4041 1210 4111 φαίης,
1228 4058 1280 4096 etc.
1296 4042 1427 4098 Disticbon

392 4100 888 4188 cemantctappemu'one‚Octobrem
934 4135 972 4174 aa
986 4121 1250 4190 sverinensem.
1264 4118 1427 4174 inissem.

391 4199 628 4252 veromonomine
639 4199 889 4257 Domitianusinva-
934 4203 960 4264 l,
981 4219 1040 4272 pag.
1058 4218 1102 4272 97,
1124 4201 1305 4266 etilnimadv.
1325 4199 1429 4262 tom-l.
1525 4245 1527 4282 2
