3068 5144
386 547 452 614 332
760 549 1058 618 C.·SUETON11
1119 589 1124 605 ·

378 677 526 768 accepit:
538 676 1076 772 pretereaconsulatum⁶‚quem
1089 679 1192 770 gessit
1201 701 1264 772 per
1275 677 1365 746 duos
1376 704 1433 748 no

380 788 1432 884 vissimosannimenses:mediumtempus‚adproconsulatum

378 921 487 993 usque
494 954 503 983 ,
511 901 545 966 in
554 903 622 968 otio
632 923 835 997 secessuque
845 907 928 995 egit,
939 905 1158 998 Agrippinam
1167 906 1289 971 timens
1298 955 1307 985 ,
1316 921 1431 995 poten·

378 1025 448 1076 tem
458 1009 672 1104 adhucapud
683 1009 807 1094 filium,
820 1027 854 1080 et
863 1013 1016 1081 defuncti
1027 1033 1163 1109 quoque
1174 1016 1342 1081 Narcissi7
1354 1015 1432 1081 ami·

378 1142 436 1188 cos
446 1143 613 1212 perosam.
624 1122 710 1188 Exin
720 1124 858 1190 sortitus
867 1121 1050 1204 africamss,
1059 1125 1273 1216 integerrime
1282 1147 1349 1191 nec
1361 1126 1431 1192 sine

375 1255 500 1324 magna
520 1231 735 1326 dignationes
753 1233 1018 1317 administravit3
1038 1237 1102 1303 nisi
1125 1235 1219 1331 quod
1240 1233 1429 1317 adrumeti,

376 1338 540 1409 seditione
552 1342 716 1436 quadam,
726 1368 808 1436 rapa
819 1346 854 1410 in
866 1368 945 1428 eum
953 1342 1043 1437 jacta
1055 1361 1144 1414 sunt.
1159 1344 1270 1413 Rediit
1279 1361 1373 1413 certe
1384 1346 1430 1412 ni·

374 1447 445 1518 hilo
459 1451 665 1544 opulentior,
685 1469 723 1520 ut
739 1454 812 1547 qui,
828 1477 936 1546 prope
951 1452 1116 1522 labefacta
1130 1451 1202 1559 jam
1217 1452 1302 1536 lide,
1316 1456 1428 1522 omnia

348 1549 500 1652 'praedia
523 1562 617 1630 fratri
635 1563 791 1656 obligarit
802 1573 842 1646 ¹⁰,
861 1567 1118 1661 necessarioque
1142 1563 1186 1632 ad
1208 1565 1427 1656 mangonicos

374 1665 524 1768 quaestus
538 1672 743 1742 sustinendae
752 1675 923 1767 dignitatis
933 1701 1034 1746 causa
1046 1674 1257 1745 descenderit
1269 1701 1277 1742 :
1287 1693 1427 1769 propter

373 1783 581 1879 quod'vulgo
596 1786 704 1855 Mulio
716 1786 900 1856 vocabatur
910 1798 945 1856 ¹¹.
960 1791 1141 1858 Convictus
1153 1811 1290 1882 quoque
1304 1785 1427 1856 dicitsrr

407 2023 433 2076 6.
455 2026 581 2078 Pretereu
600 2026 762 2082 comulatam
767 2051 777 2091 ,·
792 2029 823 2080 Δ.
840 2031 873 2081 U.
922 2030 1034 2104 impiger
1045 2030 1131 2102 Afros.
1145 2028 1197 2082 Sed
1210 2040 1355 2100 poetarum
1369 2027 1425 2080 lan·

371 2104 437 2171 804,
452 2104 524 2158 unde
536 2107 637 2160 Consul
654 2123 712 2162 erat
723 2108 875 2182 designatus
919 2108 967 2164 des
978 2110 1044 2162 nihil
1055 2111 1158 2162 faciunt
1169 2109 1203 2161 ad
1214 2108 1365 2160 historiam.

369 2201 460 2237 mense
469 2185 582 2238 Octobri
594 2187 713 2257 ejusdem
726 2191 797 2240 anni.
806 2189 874 2242 Vide
958 2206 998 2243 ιο.
1013 2190 1130 2262 thui...
1139 2189 1229 2243 omnia
1235 2187 1424 2260 proediafrutri

368 2265 469 2315 Domit.
488 2282 511 2330 r,
524 2279 550 2318 et
562 2267 597 2318 cf.
610 2266 683 2338 Pigb.
696 2268 793 2322 Annal.
806 2282 870 2322 tom.
918 2267 1047 2343 obligarit.
1058 2267 1141 2320 Tacit.
1154 2267 1218 2319 Hist.
1229 2266 1333 2332 111‚65‚
1346 2265 1423 2316 «Fla-

369 2344 418 2407 llls
429 2361 491 2414 1³³3·
503 2343 565 2412 584-
919 2347 975 2399 vius
990 2346 1115 2412 Sabinus,
1130 2357 1207 2397 atate
1215 2346 1299 2416 prior,
1313 2345 1423 2415 privatis

404 2440 429 2493 7.
453 2423 587 2494 Defiructi.
595 2463 616 2476 ..
635 2425 771 2488 Narcissi,
794 2445 872 2498 quem
917 2427 1054 2498 utriusque
1063 2425 1154 2498 rebus,
1167 2427 1330 2478 auctoritate
1340 2441 1423 2494 pecu·

367 2503 514 2574 Agrippina
526 2503 561 2556 ad
575 2517 687 2556 mortem
702 2504 792 2574 adegit
808 2525 869 2558 ann.
916 2506 1013 2574 niaque
1030 2506 1222 2576 Vespasianum
1240 2501 1373 2554 anteibat.
1391 2505 1424 2554 lit

367 2583 428 2652 807.
441 2582 519 2634 conf.
533 2582 618 2635 Tacit.
635 2583 732 2635 Annal.
747 2585 820 2650 XIII,
842 2602 871 2649 ι,
916 2581 1422 2654 credebaturaifectanrejusiidemprc·

366 2658 564 2726 nio,LX‚34.
806 2701 809 2706 ,
912 2666 1027 2734 juvisse,
1042 2664 1120 2716 domo
1133 2663 1422 2736 agrisquepiqnoriar·

401 2739 426 2792 8.
445 2739 516 2790 Exin
528 2739 630 2792 sortitus
643 2739 779 2811 Africam
791 2742 823 2793 A.
836 2745 868 2796 U.
915 2742 1002 2813 ceptis.
1013 2765 1024 2790 s
1041 2741 1164 2794 Ceterum
1176 2740 1300 2812 obligarit
1310 2743 1420 2792 omuino

364 2816 430 2882 816,
446 2817 474 2868 C.
488 2817 614 2868 Memmio
631 2815 747 2886 Regulo,
759 2819 788 2871 L.
804 2821 870 2872 Ver·
913 2821 1106 2893 praeferendum
1119 2820 1154 2872 al.
1166 2819 1304 2895 obligaret,
1321 2819 1421 2895 obliqu-

363 2896 438 2966 ginio
451 2895 522 2948 Rufo
535 2897 626 2964 Cosa,
639 2901 682 2948 cui
694 2915 764 2948 anns
776 2897 869 2951 saltem
910 2911 966 2968 rut,
981 2914 1007 2954 et
1021 2899 1157 2974 obligavit.
1171 2901 1255 2952 Unice
1269 2900 1342 2950 enim
1355 2917 1420 2950 con-

363 2976 744 3049 tribuitejusprocousuiatum
751 2977 867 3050 Pighius,
913 2981 984 3032 venit
999 2982 1061 3032 usui
1078 2979 1205 3032 Suetonii.
1225 2975 1286 3030 Alia
1305 2992 1420 3030 reserat

364 3071 428 3110 tom.
442 3059 491 3122 111,
504 3077 532 3129 p.
547 3057 608 3128 597.
912 3057 1000 3123 Vitell.
1018 3060 1035 3113 6
1048 3060 1076 3110 in
1091 3057 1227 3122 hausisset,
1241 3054 1289 3106 abi
1305 3074 1349 3108 res
1365 3070 1420 3109 erat

396 3155 422 3207 9.
441 3137 612 3210 Integerrime
630 3157 677 3190 nec
696 3138 751 3190 sine
770 3156 867 3211 magna
911 3138 1029 3205 incerta,
1049 3151 1075 3190 ct
1094 3149 1124 3188 ut
1142 3139 1242 3188 incerta
1257 3134 1293 3186 ab
1307 3147 1419 3188 anctore

360 3217 584 3289 dipmtione,etc.
596 3217 696 3270 Contra
705 3217 789 3270 Tacit.
798 3219 864 3270 Hist.
911 3214 1418 3269 commemorata.lbiliausetitnonnra·

359 3299 397 3364 11,
422 3315 473 3368 97,
487 3299 622 3369 famosum
648 3298 812 3370 invisumque
835 3299 866 3350 il·
908 3296 949 3365 gis
962 3310 1031 3348 stare
1043 3308 1162 3367 poterat,
1180 3312 1259 3366 quam
1271 3291 1300 3344 h.
1314 3289 1332 3344 Ι.
1350 3292 1417 3346 obii·

360 3376 394 3428 lic
421 3375 643 3448 proconsulatum
670 3378 865 3447 Vespasianum
908 3389 987 3449 qamt
998 3375 1039 3428 vel
1051 3375 1193 3447 obligasset.

359 3457 444 3526 egisse
452 3455 583 3521 dicit,aed
590 3455 725 3507 Vitellium
738 3456 865 3528 integrum
949 3471 989 3508 ιι.
1003 3458 1114 3526 Propter
1126 3453 1225 3528 quod...
1238 3449 1329 3504 Mulio
1344 3472 1417 3504 uoca-

359 3552 391 3586 ac
406 3534 595 3606 fauorabilem.
617 3535 684 3588 Tam
707 3534 809 3588 diversa
832 3535 865 3588 de
911 3536 993 3588 batur.
1008 3535 1047 3586 lta
1066 3533 1201 3586 Ventidius
1215 3529 1304 3582 Mulio
1320 3529 1418 3583 dicitur

359 3614 516 3684 presidibus
531 3614 700 3666 subditorum
713 3628 774 3666 sunt
788 3615 864 3686 judi·
910 3633 925 3664 a
937 3614 991 3666 Cic.
1005 3612 1038 3664 ad
1055 3615 1112 3665 Div.
1126 3612 1165 3676 X,
1179 3611 1223 3674 18,
1234 3607 1260 3660 b.
1279 3627 1302 3660 e.
1319 3613 1366 3682 qni
1380 3611 1418 3661 vi·

359 3695 414 3756 cia,
429 3707 459 3745 ut
472 3696 499 3744 in
511 3691 651 3746 historiam
663 3695 741 3746 etism
755 3713 864 3764 prorsus
909 3707 981 3746 ctum
993 3689 1182 3763 comparandis
1195 3687 1274 3742 mulis
1290 3683 1416 3760 farreque

357 3773 491 3826 contraria
502 3786 648 3825 transeant.
657 3775 865 3844 NenrpeVespa-
908 3773 936 3824 iu
955 3784 1040 3825 castra
1062 3768 1235 3824 convehendo
1257 3767 1415 3822 adolescens

357 3856 461 3920 alanus,
474 3855 578 3924 integer
591 3852 655 3906 alias
668 3867 694 3906 et
706 3853 823 3925 probus,
834 3857 863 3906 ia
908 3853 959 3905 sibi
972 3865 1187 3923 comparaverat,
1206 3862 1236 3900 ut
1253 3851 1414 3921 interpreta-

354 3934 494 4005 provincia
504 3931 706 3998 abstinentiam,
718 3951 771 4003 qua
781 3934 864 4004 Impe-
908 3946 951 3984 tur
968 3933 1120 3998 Manutius,
1138 3930 1260 4001 idemque
1281 3948 1296 3980 a
1310 3928 1414 3998 Plinio,

356 4024 429 4064 rator
436 4014 513 4064 etiam
522 4012 620 4080 caruit,
630 4030 726 4082 parum
733 4009 862 4082 probasse
907 4013 973 4063 llist.
987 4013 1049 4063 Nat.
1062 4011 1122 4075 Vll,
1133 4009 1166 4076 43
1182 4007 1260 4080 (44),
1273 4007 1359 4060 mulio
1371 4028 1413 4061 cc·

356 4091 479 4144 videtur:
499 4091 622 4144 homines
642 4091 731 4143 omnia
750 4090 862 4162 perdere
906 4089 1008 4141 strensis
1021 4086 1209 4160 suffananeau.
1222 4085 1340 4154 Gellius,
1356 4087 1411 4155 XV,

356 4171 477 4238 malunt,
502 4191 581 4243 quam
606 4173 757 4242 pecuniam.
783 4171 861 4224 Silius
907 4169 937 4236 4,
950 4170 1033 4222 fusius
1043 4181 1218 4236 narrat,eum
1232 4170 1352 4220 «victura
1362 4167 1412 4218 sibi

353 4248 411 4302 Ital.
423 4251 472 4318 lll,
483 4249 548 4322 599,
558 4249 591 4303 de
600 4251 782 4322 Vespasiano,
792 4261 862 4323 reqet
906 4267 974 4320 agre
988 4249 1151 4321 quaesivisse,
1170 4265 1284 4319 eumque
1302 4245 1412 4299 sordide
