3048 5142
529 512 693 578 GALBA.
732 513 737 524 ¹
1067 519 1132 584 253

137 647 181 709 X.
206 643 313 734 Igitur
329 664 436 734 quum
455 641 551 735 quasi
570 640 824 707 manumissioni
838 655 1034 711 vaesanus
1055 669 1135 712 con-

99 751 281 820 scendisset
294 749 459 832 tribunal,
474 752 653 843 propositis
666 766 743 818 ante
757 773 793 818 se
807 751 1041 822 damnatorum
1054 759 1135 825 occi·

99 884 281 956 serumque
302 885 322 926 a
343 865 474 928 Nerone
494 882 598 953 quam
617 859 772 952 plurimis
790 861 1005 954 imaginibus,
1026 882 1059 932 et
1079 866 1134 934 ad-

99 987 203 1040 stante
215 969 322 1038 nobili
333 994 456 1062 puero,
473 993 575 1064 quem
591 969 799 1038 exsulantem
811 994 829 1037 e
842 974 993 1065 proxima
1009 974 1135 1043 Baleari

99 1088 203 1156 insula
225 1087 270 1155 oh
283 1085 318 1153 id
331 1089 443 1179 ipsum
461 1088 640 1168 acciverat,
658 1085 844 1178 deploravit
862 1103 1051 1179 temporum
1072 1107 1135 1157 sta-

99 1215 178 1280 tum,
206 1197 503 1291 consalutatusque
525 1200 792 1280 IMPERATOR,
823 1201 1005 1290 aLegatum
1025 1223 1061 1266 se
1085 1204 1136 1268 Se·

100 1326 194 1376 natus
219 1332 261 1376 ac
281 1307 399 1400 populi
425 1310 604 1391 Romani,»
632 1308 803 1399 professus
822 1323 881 1375 est.
905 1312 990 1376 Dein
1004 1306 1133 1402 justitio

100 1423 233 1504 indicto,
247 1447 265 1489 e
277 1421 376 1514 plebe
385 1421 521 1516 quidem
533 1423 713 1513 provinciae
725 1420 871 1512 legiones
884 1438 917 1488 et
927 1422 1049 1498 auxilia
1060 1448 1135 1493 con·

102 1537 249 1627 scripsit,
270 1557 371 1626 super
386 1535 568 1600 exercitum
584 1547 730 1600 veterem
746 1532 885 1625 legionis
899 1535 1036 1616 unius²,
1056 1535 1136 1602 dua·

101 1669 241 1739 rumque
262 1643 413 1725 alarum,
433 1659 465 1710 et
483 1642 671 1712 cohortium
687 1646 816 1742 trium:
839 1659 873 1710 at
892 1667 911 1710 e
931 1645 1134 1736 primoribus

102 1756 345 1851 prudentiaque
356 1773 388 1822 et
400 1771 495 1823 aetate
507 1755 753 1847 prestantibus,
767 1754 859 1822 velut
867 1758 971 1822 instar
983 1761 1134 1838 SenatuS,

101 1866 140 1934 ad
151 1891 237 1960 quos
253 1866 295 1933 de
310 1863 436 1958 majore
446 1890 499 1947 re,
511 1868 641 1959 quoties
654 1889 738 1957 opus
754 1883 859 1949 esset,
874 1867 1072 1947 referretur,
1085 1870 1134 1933 in-

103 1981 214 2045 stituit.
231 1977 361 2070 Delegit
373 1994 407 2046 et
418 1979 579 2072 equestris
592 1977 717 2044 ordinis
725 1975 883 2071 juvenes,
897 1982 970 2072 qui,
980 1995 1136 2050 manente

103 2088 280 2156 anulorum
300 2113 479 2156 aureorum
500 2086 600 2172 usu³,
621 2087 780 2156 Evocatit
800 2087 1066 2181 appellarentur,
1084 2113 1136 2156 ex·

104 2197 283 2292 cubiasque
305 2201 393 2264 cirea
414 2196 605 2265 ctdticulum
623 2220 723 2264 suum
736 2201 807 2266 vice
827 2197 970 2265 militum
986 2215 1134 2289 agerent.

104 2309 205 2373 Etiam
216 2331 279 2400 per
295 2309 482 2399 provincias
499 2306 606 2374 edicta
623 2306 764 2388 dimisit,
784 2323 900 2374 auctor
912 2307 1050 2398 singulis
1065 2311 1138 2374 uni-

106 2421 272 2511 versisque
291 2415 504 2508 conspirandi
524 2415 641 2498 simul,
656 2433 689 2483 et
706 2433 762 2498 ut,
782 2441 849 2511 qua
865 2432 979 2509 posset
995 2420 1137 2511 quisque

105 2547 216 2617 opera,
237 2548 452 2592 communem
468 2547 601 2592 causam
616 2521 783 2616 juvarent.
799 2524 961 2593 Paridem
974 2527 1043 2594 fere
1056 2543 1137 2594 tem·

106 2659 165 2728 pus
182 2639 216 2703 in
238 2639 425 2703 munitione
446 2635 574 2728 oppidi,
597 2636 688 2729 quod
707 2637 819 2703 sedem
843 2637 932 2705 bello
953 2637 1136 2730 delegerat,

106 2763 254 2840 repertus
277 2763 327 2814 est
348 2745 469 2814 anulus
492 2770 594 2840 opere
615 2750 767 2842 antiquo,
785 2748 977 2842 sculptura⁵
997 2774 1137 2842 gemmae

137 2949 170 3000 X.
191 2967 211 3000 r.
230 2949 311 3019 Quasi
321 2949 516 3002 manumissioni
525 2967 598 3000 vaca·
641 2961 738 3004 sextam
757 2951 856 3018 fuisse,
875 2969 905 3002 ex
918 2951 1016 3003 Histor.
1030 2950 1066 3017 V,
1089 2949 1137 3017 16,

106 3035 179 3078 etms.
191 3029 227 3079 lta
243 3030 312 3079 enirn
325 3027 453 3092 aduerat,
467 3025 546 3078 veluti
552 3025 598 3078 bo-
641 3027 746 3080 docent.

106 3104 131 3154 ni
146 3105 237 3156 ominis
252 3123 345 3170 causa,
360 3103 434 3175 quod
450 3102 598 3154 libertatem
676 3108 701 3158 3.
720 3109 845 3158 Manente
853 3106 992 3158 anulorum
1002 3123 1136 3158 aureorum

107 3184 203 3250 generis
217 3183 326 3234 humani
342 3201 456 3239 asserere
469 3183 495 3234 in
510 3185 597 3234 animo
641 3204 701 3245 u5u,·
716 3183 742 3234 lt.
755 3203 777 3234 e.
790 3182 860 3234 salvo
870 3183 994 3254 Equitum
1004 3185 1137 3236 Romano·

107 3257 219 3315 haberet.
234 3263 274 3316 Cf.
288 3261 420 3314 Plutarch.
431 3281 487 3333 cap.
502 3259 527 3313 5.
641 3284 699 3317 rum
710 3267 779 3334 jure.

141 3359 164 3392 a.
178 3343 387 3417 Lepionisunius.
402 3343 485 3394 Tacit.
498 3343 564 3392 Hist.
573 3343 597 3405 l,
677 3345 703 3410 4.
712 3341 913 3394 Evocati.Conf.
922 3343 987 3407 Dio,
998 3343 1080 3408 XLV,
1092 3361 1137 3411 ta,

107 3420 136 3485 6,
150 3443 160 3466 ι
171 3421 276 3472 inducta
292 3421 393 3493 lapione
405 3422 536 3493 Hispana,
547 3442 557 3465 ι
572 3433 599 3472 et
643 3436 669 3474 et
680 3423 737 3488 LV,
748 3421 795 3487 24,
804 3419 850 3472 ubi
859 3417 1012 3478 Ἀνωίτους
1022 3441 1081 3474 vere
1091 3442 1138 3476 eos

109 3499 177 3570 apud
196 3500 332 3565 eumdem,
352 3519 411 3570 cap.
435 3501 480 3563 16,
498 3497 596 3550 Galbat
642 3499 1139 3573 appellat3Fabric.adloc.cit.etquos

111 3581 207 3646 nllero,
218 3579 381 3651 quemlongs
392 3581 522 3630 &sarum
533 3579 598 3629 serie
644 3580 677 3634 ad
691 3593 811 3632 nostrum
821 3581 942 3632 excitavit
953 3581 1070 3633 Pitiscus.
1083 3581 1140 3634 Sin·

108 3672 260 3726 tumentem,
273 3678 326 3709 non
341 3657 442 3710 Vindex
455 3676 515 3708 cunr
527 3659 598 3708 iner·
642 3660 733 3731 gulare
747 3659 798 3710 lroc
813 3658 862 3710 sub
878 3659 961 3712 Galba
976 3661 1056 3712 fuisse
1070 3661 1139 3712 mili-

108 3741 142 3792 mi
154 3741 301 3810 provincia,
315 3753 360 3790 aut
372 3757 420 3809 ego
433 3758 489 3790 curn
500 3757 553 3790 una
564 3737 597 3788 le·
640 3753 695 3791 turn
706 3749 896 3808 genus,vetere
907 3752 1009 3790 tantum
1020 3753 1045 3790 et
1054 3739 1139 3792 hono·

107 3821 194 3892 piane,
206 3819 249 3870 sed
264 3837 311 3870 sua
322 3820 483 3883 immanitas,
497 3837 544 3873 sua
559 3816 599 3867 lu·
641 3819 714 3870 rilieo
729 3819 836 3870 nomine
851 3819 1017 3889 insignitum,
1033 3836 1073 3870 res
1088 3818 1139 3869 do·

109 3895 599 3968 xuria,cervicibuspubliclsdepulere‚
642 3910 693 3949 cet.

110 3989 158 4026 erc.
170 3997 181 4021 ι
195 3975 238 4027 ubi
249 3974 308 4026 vide
318 3976 389 4046 Lips.
403 3986 428 4026 et
439 3976 540 4026 Ernest.
555 3975 599 4046 qui
680 3975 704 4027 5.
723 3974 869 4047 sculptura.
884 3975 923 4025 lta
935 3973 1005 4026 edidi
1015 3991 1075 4024 eum
1087 3975 1139 4026 Ou-

110 4057 199 4119 trium,
216 4075 269 4127 quae
284 4069 361 4108 antea
377 4053 415 4105 ibi
428 4057 545 4117 fuerant,
560 4054 600 4106 le-
644 4053 722 4107 dend.
733 4070 894 4125 quamquam
902 4053 994 4122 optimi
1001 4048 1084 4102 Codd.
1095 4049 1139 4102 lra-

108 4135 214 4204 qionum
229 4153 378 4201 numerum,
390 4146 483 4204 pacata
498 4136 600 4205 provin·
643 4134 853 4204 bentscalptura‚
863 4127 965 4182 'utmilri
975 4142 1138 4194 constarem,

110 4217 164 4282 cia,
183 4215 215 4268 ad
229 4235 308 4270 unam
320 4215 471 4283 redactum,
490 4234 600 4288 eamque
644 4230 784 4289 postquam
806 4212 876 4266 illam
897 4213 1008 4264 formam
1032 4207 1139 4262 exhibui
