3066 5148
501 514 759 580 CALIGULA.
1114 465 1169 585 3¹=

95 637 249 706 Tribuno
265 637 435 722 militum,
455 641 636 708 interemit.
655 636 806 708 Silanum
827 641 909 708 item
925 641 1099 712 socerum⁶
1112 645 1156 713 ad

95 781 233 840 necem,
254 755 490 854 secandasque
510 757 676 828 novacula
693 758 826 842 lauces,
846 758 1027 853 compulit:
1043 786 1158 834 oausa-

98 889 150 940 tus
170 873 208 940 iu
228 889 396 967 utroque,
418 871 512 968 quod
532 871 589 940 hic
607 875 799 965 ingressum
821 896 857 940 se
877 871 1043 942 turbatius
1064 900 1157 944 mare

99 1005 165 1050 oon
177 997 271 1050 esset
282 998 438 1062 secutus,
452 1006 492 1050 ac
507 1005 567 1073 spe
583 979 772 1075 occupandi
786 981 934 1065 Urbem,
953 985 982 1050 si
996 982 1078 1079 quid
1092 985 1155 1054 sibi

99 1119 158 1187 per
175 1109 397 1186 tempestates
416 1091 620 1176 acciderct7,
640 1095 873 1176 remansissem
892 1091 948 1161 ille
966 1095 1156 1166 antidotum

102 1205 307 1289 oboluisset,
327 1208 425 1301 quasi
443 1203 487 1272 ad
508 1203 731 1297 praecavenda
751 1226 883 1272 venena
903 1228 965 1272 sua
986 1223 1155 1276 sumtum:

102 1340 207 1411 quum
225 1332 261 1383 et
278 1314 412 1384 Silanus
426 1316 670 1407 impatientiam
689 1338 825 1383 nauseae
844 1317 982 1384 vitasset
999 1332 1034 1384 et
1050 1317 1156 1385 mole-

102 1431 197 1496 stiam
216 1428 417 1521 navigandi,
432 1444 466 1495 et
481 1427 637 1495 Tiberius
653 1443 793 1522 propter
808 1426 980 1496 assiduam
996 1447 1031 1498 et
1048 1432 1156 1522 ingra-

102 1555 294 1608 vescentem
315 1541 435 1607 tussim
455 1536 701 1618 medicamento
722 1561 805 1608 usus
829 1555 926 1608 esset.
951 1545 1036 1608 Nam
1057 1542 1156 1610 Clau·

102 1646 215 1718 dium⁸
230 1666 393 1742 patruum
407 1673 477 1717 oon
492 1651 556 1716 nisi
571 1652 606 1717 in
622 1647 807 1718 ludibrium
821 1653 1014 1719 reservavit.
1037 1659 1047 1694 ·.

145 1765 268 1828 XXIV.
295 1767 380 1830 Cum
394 1759 551 1829 omnibus
565 1759 738 1828 sororibus
754 1763 842 1828 suis¹
860 1765 969 1854 stupri
979 1781 1158 1832 consuetu·

102 1872 216 1940 dinem
230 1873 327 1941 fecit:
346 1871 518 1968 plenoque
529 1876 684 1941 convivio
699 1871 849 1966 singulas
862 1873 948 1941 infra
963 1897 1000 1941 se
1010 1878 1157 1943 vicissim

1 1999 2 2002 ’
103 1981 308 2066 collocabat,
327 2003 436 2052 uxore
458 2007 562 2077 supra
582 1982 737 2080 cubante.
760 1987 811 2052 Ex
830 1979 884 2050 his
905 1983 1088 2054 Drusillam
1107 1989 1157 2054 vi-

103 2096 202 2161 tiasse
210 2096 393 2185 virginem,
406 2108 625 2187 praetextatus
635 2091 763 2176 adhuc,
775 2093 935 2176 creditur,
945 2111 1047 2188 atque
1057 2097 1156 2163 etiam

104 2207 136 2272 iu
147 2205 332 2272 concubitu
345 2202 419 2298 ejus
428 2204 602 2299 quondam
614 2204 845 2298 deprehensus
858 2203 901 2272 ab
912 2208 1055 2273 Antonia
1067 2209 1156 2290 avia,

103 2313 192 2407 apud
205 2338 313 2408 quam
332 2313 434 2383 simul
452 2313 693 2382 educabantur.
710 2319 791 2381 Mox
809 2317 914 2383 Lucio
931 2319 1046 2384 Cassio
1067 2321 1155 2386 Lon·

106 2427 181 2517 gino
196 2425 370 2494 consulari
385 2425 602 2496 collocatam²
617 2426 774 2509 abduxit,
794 2440 828 2491 et
846 2428 881 2494 in
898 2425 1038 2495 modum
1055 2426 1156 2521 justae

108 2693 186 2748 quum
208 2677 291 2727 irrita
310 2678 367 2746 ejus
388 2693 482 2747 preces
502 2687 607 2739 essent,
652 2673 732 2745 vulgo
750 2674 888 2746 copuovt't,
911 2673 984 2745 quod
1002 2675 1092 2741 luere,
1110 2679 1155 2749 qui

108 2773 209 2820 orasse,
227 2767 258 2807 nt
277 2775 306 2809 se
323 2755 466 2822 docerent,
481 2773 535 2826 qua
549 2773 608 2807 cor·
652 2757 1155 2826 contraomnemtemporumratiooem

1 2833 2 2868 ἶ
108 2838 175 2904 poris
186 2847 265 2907 parte
279 2836 381 2886 ferrum
396 2835 564 2899 immitteret,
578 2845 609 2885 ut
653 2832 685 2888 de
697 2847 790 2906 stupro
803 2833 1001 2908 intelligerent).

108 2931 181 2984 quam
192 2915 318 2966 citissime
329 2926 490 2965 moreretur:
501 2912 608 2964 itaedo-
689 2930 713 2965 a.
732 2913 762 2966 L.
778 2915 862 2967 Cassio
875 2914 1033 2986 loupiac...
1046 2914 1159 2970 colloca-

108 3005 175 3043 ctum
186 2991 221 3044 ab
233 2993 267 3045 iis
281 3010 310 3045 sc
322 2991 459 3045 occidisse.
653 3002 716 3043 tam.
728 2995 814 3045 Tacit.
832 2994 902 3044 Anu.
914 2995 966 3060 vt,
982 2992 1027 3046 15:
1044 3017 1055 3039 ι
1066 2993 1156 3046 Servio

140 3072 165 3125 6.
184 3072 308 3124 Mlaaum
326 3072 388 3124 item
406 3089 537 3138 socerum,
556 3083 612 3129 etc„
652 3068 753 3136 Galba,
765 3071 793 3121 1..
807 3069 881 3123 Sulla
894 3070 968 3124 Coss.
983 3068 1060 3138 (ann.
1075 3071 1156 3142 785),

108 3153 146 3206 Gi.
155 3151 221 3220 Dio,
232 3169 292 3224 cap.
303 3153 347 3204 cit.
360 3151 406 3205 ubi
417 3151 536 3223 plurima·
546 3167 608 3202 cou·
653 3146 699 3200 diu
721 3152 848 3220 quaesito,
870 3167 937 3220 quos
956 3149 1081 3220 neptibus
1103 3154 1157 3204 suis

108 3233 217 3286 cameli».
237 3235 266 3284 in
286 3232 403 3288 Silanum
422 3231 524 3285 collatu
544 3250 607 3283 nar·
652 3229 762 3279 maritos
785 3226 931 3280 destinaret
951 3229 1038 3281 Caesar
1060 3227 1157 3323 (libe-

108 3329 204 3366 rantur.
652 3306 735 3378 rius),
747 3319 891 3378 postquam
901 3307 1050 3359 instabat
1027 3329 1157 3382 virginum

141 3410 163 3463 7.
183 3387 609 3466 Siqutdutr.accideret.1)e
653 3399 733 3452 atas,
753 3387 782 3438 L.
805 3385 942 3453 Cassium,
965 3389 1001 3439 M.
1024 3390 1156 3444 Vinicium

108 3471 157 3522 boc
166 3469 324 3542 imperfecto
334 3469 394 3522 vide
405 3483 460 3521 not.
471 3467 505 3521 ad
513 3486 572 3538 cap
581 3467 607 3520 3.
652 3465 747 3536 legit...
758 3465 864 3518 Cassius
874 3465 972 3538 plebeii
981 3469 1071 3520 Roma
1080 3487 1157 3538 gene·

139 3551 164 3604 8.
179 3551 224 3602 Nu
225 3569 253 3600 m
268 3549 423 3616 Claudium,
437 3561 487 3599 etc.
502 3547 542 3598 De
555 3545 609 3598 hoe
653 3547 703 3612 ris,
714 3564 804 3597 verum
815 3559 915 3618 antiqui
926 3545 1118 3620 honoratique
1131 3564 1160 3602 ct

108 3627 271 3681 rideClaud.
285 3628 311 3681 8.
654 3643 744 3677 severa
764 3625 845 3698 patris
867 3623 1006 3698 disciplina
1028 3627 1157 3693 eductus,

139 3708 234 3760 XXIV.
249 3724 271 3760 1.
283 3703 609 3758 Cumomnt'bussoruribtu
652 3703 781 3755 facilitate
799 3704 910 3774 sepius,
931 3722 1010 3774 quam
1028 3705 1157 3758 industria

108 3791 169 3855 atis,
183 3801 234 3840 etc.
245 3789 311 3840 Tres
324 3787 432 3839 eiicere
446 3803 566 3849 sorores,
578 3797 608 3836 ut
654 3781 898 3834 commendabatur.
914 3784 981 3834 Huic
997 3784 1157 3851 Drusillam,

4 3867 5 3872 ’
108 3866 222 3939 prodidit
237 3878 347 3932 auctor,
358 3885 382 3917 c.
399 3883 432 3936 73
446 3865 608 3936 Agrippina,
652 3862 756 3913 Vinicio
774 3859 888 3926 duliam,
906 3861 1066 3914 Germanico
1083 3867 1158 3934 geni-

4 4097 6 4162 l

5 4175 6 4200 l

109 3948 235 4016 Drusilla,
247 3947 349 4000 Liuilla
362 3946 403 3998 cf.
415 3947 484 4012 Dio,
494 3945 565 4011 LlX,
578 3943 608 4007 3,
654 3957 709 4010 tas,
733 3945 903 4014 conjungit·
893 3941 1015 4009 ·,ldem
1031 3944 1083 4009 Vl,
1105 3945 1157 4013 45,

113 4047 153 4096 ιι,
169 4048 211 4083 aa.
228 4029 341 4100 Eutrop.
356 4025 420 4090 Vll,
442 4041 469 4096 7,
491 4024 609 4095 «Stupro
653 4023 986 4096 progenerosCaesarisCu.
996 4025 1159 4091 Domitium,

112 4107 356 4168 comminantia
368 4104 553 4157 excusetiam
562 4122 609 4156 na·
654 4101 774 4154 Cassium
785 4100 950 4170 Longinum,
962 4099 997 4151 M.
1010 4094 1156 4163 Vinicium,

5 4205 7 4230 t
112 4202 160 4240 tau
178 4189 258 4243 liliam
283 4185 428 4257 agnovit,
417 4181 517 4253 (ubi
540 4182 609 4235 mala
654 4179 804 4233 Rubellium
818 4178 947 4232 Blandum
964 4181 1094 4232 nominat
1107 4181 1160 4232 Hic
