3054 5152
407 533 468 612 142
779 526 815 590 o.
840 525 1074 592 suaronn

400 658 473 752 ejus
488 655 699 754 quotidiana,
716 672 749 723 et
763 654 864 748 plane
880 649 1033 724 omnium
1048 655 1209 723 horarum
1221 671 1255 723 et
1267 673 1463 723 momento-

399 795 476 838 rum
498 785 607 851 erant,
634 764 766 854 «Quidl
789 791 850 858 ego
871 767 932 834 tibi
953 766 1188 860 Theogonius⁵
1215 767 1385 835 videorin
1411 785 1460 851 et,

399 898 486 970 λάλει,
505 895 598 972 καὶμὴ
615 896 739 970 θίγγανε·
759 878 934 972 multaque
953 876 1047 961 talia,
1067 879 1166 944 etiam
1185 879 1328 970 privatis
1350 875 1463 945 defor-

398 997 484 1078 mia,
499 991 627 1060 nedum
642 994 804 1084 Principi,
822 1015 932 1085 neque
948 992 1150 1072 infacundo,
1168 1013 1278 1085 neque
1297 990 1460 1072 indocto,

398 1108 502 1173 immo
515 1107 614 1170 etiarn
627 1105 841 1196 pertinaciter
852 1101 1046 1171 liberalibus
1058 1102 1175 1170 studiis
1188 1101 1312 1170 dedito.

425 1221 529 1286 .XL1.
557 1216 738 1281 Historiam
758 1216 793 1280 in
813 1212 1057 1296 adolescentia,
1079 1212 1232 1280 hortante
1251 1218 1291 1280 T.
1322 1215 1459 1294 ¹Litn'o,

398 1325 544 1418 Sulpicio
559 1348 640 1391 vero
657 1323 760 1391 Flavo
774 1327 873 1391 etiam
888 1320 1087 1416 adjuvante,
1108 1324 1252 1392 scribere
1270 1347 1460 1416 aggressus

398 1454 459 1504 est.
479 1441 522 1503 Et
539 1459 645 1530 quum
662 1437 812 1528 primum
826 1435 994 1529 frequenti
1008 1434 1174 1503 auditorio
1191 1439 1458 1515 ‘commisissem

398 1571 486 1640 aegre
500 1546 660 1640 perlegit,
679 1547 893 1639 refrigeratus
904 1571 994 1640 saepe
1008 1571 1027 1612 a
1041 1551 1232 1640 semetipso.
1246 1553 1336 1614 Nam
1349 1572 1458 1642 quum

397 1658 493 1723 initio
510 1657 730 1738 recitationis,
751 1655 905 1723 defractis
920 1654 1150 1749 compluribus
1168 1654 1362 1724 subselliis³
1384 1657 1459 1724 obe

399 1768 495 1833 sitate
514 1762 709 1858 cujusdam,
729 1768 816 1831 risus
835 1781 971 1832 exortus
990 1782 1095 1850 esset,
1115 1791 1158 1832 ne
1177 1767 1292 1835 sedato
1312 1767 1458 1862 quidem

397 1875 544 1943 tumultu
572 1891 761 1967 temperare
783 1878 910 1968 potuit,
935 1879 1016 1969 quin
1042 1901 1082 1942 ex
1106 1877 1282 1944 intervallo
1305 1877 1458 1945 subinde

397 1989 474 2056 facti
495 1989 778 2067 reminisceretur,
795 1986 1045 2082 cachinnosque
1067 2007 1246 2057 revocaret.
1269 1995 1308 2057 ln
1331 1994 1457 2083 princi·

397 2118 479 2193 patu
501 2123 635 2195 quoque
656 2115 689 2165 et
709 2100 842 2191 scripsit
864 2098 1067 2191 plurimum,
1092 2118 1125 2168 et
1146 2100 1277 2170 assidue
1299 2106 1459 2170 recitavit

397 2234 458 2301 per
471 2208 641 2276 lectorem.
658 2211 795 2275 lnitium
807 2225 919 2276 autem
934 2213 1056 2277 sumsit
1070 2211 1217 2280 historiae
1229 2227 1308 2305 post
1320 2213 1455 2282 caedem

396 2323 537 2387 Caesaris
551 2321 740 2386 Dictatoris.
755 2316 818 2387 Sed
833 2318 886 2386 etl
903 2324 1034 2389 transiit
1044 2322 1087 2390 ad
1101 2323 1257 2391 inferiora
1272 2339 1455 2418 tempora,

396 2576 451 2615 tate
465 2562 611 2634 Principis,
628 2564 673 2635 qui
689 2581 720 2615 ex
731 2566 791 2634 jure
804 2577 830 2616 et
843 2585 900 2619 me·
943 2587 1026 2641 marg.
1048 2568 1110 2620 edit.
1134 2567 1246 2620 Plantin.
1267 2585 1334 2627 ann.
1365 2569 1455 2640 1596,

396 2651 463 2714 n'to,
479 2648 687 2721 ponderatisque
701 2648 769 2702 adeo
787 2652 899 2704 rationi·
945 2667 1023 2719 quam
1039 2647 1104 2700 mihi
1118 2646 1295 2700 commodavit
1306 2645 1455 2700 Mullerus.

394 2730 446 2782 bus
461 2741 577 2781 statuere
589 2727 677 2781 debet.
691 2731 750 2781 Hoc
761 2749 816 2782 non
829 2734 899 2804 cepit
943 2728 1010 2780 Vide
1019 2730 1093 2780 Voss.
1106 2727 1139 2780 de
1150 2729 1246 2780 Hister.
1255 2727 1313 2778 Lat.
1324 2728 1387 2779 Nos
1400 2729 1457 2800 qui·

326 2810 331 2826 ‘
395 2811 572 2862 burmannus.
943 2808 1004 2862 dem
1020 2812 1047 2860 in
1061 2823 1136 2881 patre
1151 2809 1356 2881 acquiescimus.
1374 2809 1456 2862 Cete-

432 2886 457 2941 5.
478 2888 651 2962 Theogoniam.
671 2887 723 2939 Adi
739 2891 826 2940 Burm.
841 2890 897 2942 edi·
942 2909 1016 2955 rum,
1028 2888 1131 2940 Claudii
1141 2887 1250 2940 Cesaris
1261 2885 1391 2939 historias
1402 2907 1456 2940 me·

393 2971 504 3022 tionem.
519 2973 550 3022 Et
566 2970 627 3046 ipse·
637 2968 746 3022 stultum
761 2969 896 3023 hominem
942 2983 1027 3022 morat
1037 2970 1103 3021 Plin.
1112 2971 1178 3022 Hist.
1191 2971 1252 3019 Nat.
1262 2968 1324 3032 xlt,
1341 2983 1371 3036 17
1385 2968 1453 3042 (39).

370 3061 377 3077 ⁸
393 3048 527 3121 intelligo,
543 3051 618 3118 cujus
634 3069 730 3102 nomen
745 3052 773 3101 in
787 3069 897 3120 prover-
942 3048 1135 3119 -Sulpicium
1146 3047 1254 3099 Flavum
1268 3048 1454 3119 omnesigno·

393 3129 469 3181 bium
483 3129 600 3194 abierat,
618 3128 691 3200 quod
705 3148 776 3180 nune
788 3131 895 3198 ignora·
942 3143 1010 3181 rant.

393 3227 461 3260 mus.
482 3211 511 3259 lu
531 3221 646 3260 mentem
663 3207 726 3260 mihi
745 3211 818 3260 venit
831 3208 896 3260 lavis
978 3225 1002 3258 a.
1014 3207 1049 3258 Et
1058 3224 1137 3278 quum
1148 3206 1293 3277 primum...
1304 3207 1454 3260 commisit·

394 3292 557 3359 conjectura,
566 3309 644 3360 quam
652 3289 729 3343 nihili
737 3290 831 3353 lacias3
840 3299 897 3341 rie·
940 3295 990 3344 seit
999 3283 1026 3336 h·
1037 3304 1060 3336 e·
1071 3287 1098 3336 in
1108 3285 1224 3335 virorum
1237 3282 1380 3335 doctorum
1393 3303 1454 3339 cer-

393 3366 466 3434 yo'mc
478 3387 527 3440 pro
542 3367 652 3434 nequit
667 3387 714 3422 seu
726 3367 835 3435 rapitis,
852 3373 895 3421 cui
941 3364 1039 3416 tamine
1051 3361 1194 3433 praelegere
1207 3364 1340 3432 coepisset.
1356 3362 1400 3414 cf.
1419 3363 1454 3416 ad

393 3447 586 3519 responderent
598 3449 752 3518 sequentia,
764 3444 844 3516 titio,
855 3447 895 3498 aa}
940 3443 1008 3511 Aug.
1017 3444 1059 3510 89.
1067 3441 1453 3516 Refrigeratautemseipsum,

390 3526 424 3593 μὲ
439 3527 559 3594 eman,
573 3525 601 3578 h.
614 3546 637 3579 e.
650 3529 754 3580 ratione
767 3540 794 3580 et
805 3528 895 3579 verbis
941 3520 987 3591 qui
997 3537 1043 3571 sna
1054 3518 1134 3589 culpa
1144 3519 1298 3585 committit,
1308 3520 1455 3593 utsn'qide

393 3625 497 3658 mecum
505 3607 754 3678 pugnandum‚non
763 3608 896 3674 manibus,
941 3618 988 3652 seu
1001 3600 1098 3650 minori
1112 3617 1170 3649 cum
1185 3597 1273 3650 studio
1289 3597 1429 3652 audiatur.

392 3699 423 3738 ut
433 3704 493 3738 cum
504 3685 554 3738 illis
563 3689 649 3737 Terra
659 3687 727 3739 liliis.
739 3686 790 3740 Sed
801 3700 895 3759 prater
975 3678 1001 3729 3·
1023 3676 1204 3750 C⁰mplu¹lb¹⁴⁵
1220 3677 1356 3730 ffllffllllt'ss·
1378 3679 1452 3730 Bur·

391 3767 506 3818 formam
517 3769 589 3818 vocis
601 3781 732 3838 repugnat
745 3769 823 3818 etiam
837 3786 894 3818 me·
939 3777 1029 3810 mann·
1044 3759 1158 3828 0⁰¹¹jecit
1170 3758 1336 3829 cvmpssqt'but
1350 3759 1452 3811 ΝΜ·

392 3845 466 3898 dium
473 3858 507 3913 et,
515 3843 724 3917 quoddiversum
733 3843 895 3914 ejusdictum
939 3838 978 3890 lii.
998 3837 1049 3889 Sed
1065 3835 1142 3908 plura
1156 3835 1282 3888 subsellia
1298 3837 1452 3905 conjuncta

391 3925 531 3996 significat.
939 3935 996 3970 esse
1007 3927 1148 3988 poterant,
1159 3929 1190 3968 ut
1201 3915 1280 3967 unius
1292 3933 1373 3969 casus
1386 3917 1452 3971 reli-

426 4005 491 4056 XLl.
514 4020 536 4055 1.
550 4004 682 4057 Hortante
702 4001 732 4054 Τ.
750 4003 833 4054 Livio.
850 4001 892 4054 ΔΙ.
939 4017 993 4070 qua
1005 3995 1128 4049 traheret.

390 4085 470 4137 Lucio
482 4084 570 4150 Livio,
584 4101 662 4157 quem
676 4082 765 4153 magui
776 4080 894 4135 historici
975 4079 1000 4146 4.
1020 4077 1117 4142 Sedet,
1130 4088 1180 4128 etc.
1191 4073 1295 4127 Muller.
1309 4073 1397 4129 deleri
1405 4079 1451 4147 ju·

389 4163 471 4216 filium
490 4164 650 4236 intelligunt.
671 4161 710 4214 lta
728 4160 808 4212 habet
829 4160 891 4212 edit.
937 4158 983 4211 bet
998 4159 1061 4225 Sed,
1077 4172 1103 4209 et
1115 4170 1192 4209 antea
1206 4157 1337 4208 minorum
1352 4156 1450 4211 distin·

389 4243 503 4298 Casaub.
518 4263 579 4298 ann.
596 4245 672 4311 1611,
685 4255 710 4296 et
724 4255 845 4295 notatum
859 4240 892 4293 ad
938 4241 1052 4292 ctionem
1065 4238 1129 4309 poni
1142 4255 1191 4309 pro
1202 4248 1316 4307 puncto.
