<?xml version="1.0" encoding="UTF-8"?>
<!DOCTYPE html PUBLIC "-//W3C//DTD XHTML 1.0 Transitional//EN"
    "http://www.w3.org/TR/xhtml1/DTD/xhtml1-transitional.dtd">
<html xmlns="http://www.w3.org/1999/xhtml" xml:lang="en" lang="en">
 <head>
  <title>
</title>
<meta http-equiv="Content-Type" content="text/html;charset=utf-8" />
  <meta name='ocr-system' content='tesseract 3.04.00' />
  <meta name='ocr-capabilities' content='ocr_page ocr_carea ocr_par ocr_line ocrx_word'/>
</head>
<body>
  <div class='ocr_page' id='page_1' title='image "./csuetoniitranqu00suetgoog_0444.png"; bbox 0 0 3076 5146; ppageno 0'>
   <div class='ocr_carea' id='block_1_1' title="bbox 411 551 1077 647">
    <p class='ocr_par' dir='ltr' id='par_1_1' title="bbox 411 551 1077 647">
     <span class='ocr_line' id='line_1_1' title="bbox 411 551 1077 647; baseline -0.02 -17"><span class='ocrx_word' id='word_1_1' title='bbox 411 565 477 647; x_wconf 72' lang='lat' dir='ltr'>ros</span> <span class='ocrx_word' id='word_1_2' title='bbox 782 559 818 622; x_wconf 88' lang='lat' dir='ltr'>c.</span> <span class='ocrx_word' id='word_1_3' title='bbox 844 551 1077 621; x_wconf 84' lang='lat' dir='ltr'>sunroun</span> 
     </span>
    </p>
   </div>
   <div class='ocr_carea' id='block_1_2' title="bbox 411 680 1526 1443">
    <p class='ocr_par' dir='ltr' id='par_1_2' title="bbox 411 680 1526 1443">
     <span class='ocr_line' id='line_1_2' title="bbox 411 680 1526 785; baseline -0.014 -25"><span class='ocrx_word' id='word_1_4' title='bbox 411 695 564 785; x_wconf 89' lang='lat' dir='ltr'>simoque</span> <span class='ocrx_word' id='word_1_5' title='bbox 580 683 739 766; x_wconf 80' lang='lat' dir='ltr'>consilio,</span> <span class='ocrx_word' id='word_1_6' title='bbox 761 685 985 776; x_wconf 81' lang='lat' dir='ltr'><strong>inspiceretur</strong></span> <span class='ocrx_word' id='word_1_7' title='bbox 1002 680 1250 770; x_wconf 74' lang='lat' dir='ltr'>nonagenarius</span> <span class='ocrx_word' id='word_1_8' title='bbox 1269 702 1389 760; x_wconf 82' lang='lat' dir='ltr'>senex,</span> <span class='ocrx_word' id='word_1_9' title='bbox 1406 705 1447 746; x_wconf 84' lang='lat' dir='ltr'>aa</span> <span class='ocrx_word' id='word_1_10' title='bbox 1525 701 1526 744; x_wconf 60' lang='lat' dir='ltr'>i</span> 
     </span>
     <span class='ocr_line' id='line_1_3' title="bbox 411 777 1526 886; baseline -0.01 -18"><span class='ocrx_word' id='word_1_11' title='bbox 411 803 651 868; x_wconf 88' lang='lat' dir='ltr'>circumsectus</span> <span class='ocrx_word' id='word_1_12' title='bbox 663 792 824 862; x_wconf 89' lang='lat' dir='ltr'>esset.Ab</span> <span class='ocrx_word' id='word_1_13' title='bbox 833 790 974 886; x_wconf 86' lang='lat' dir='ltr'>juventa</span> <span class='ocrx_word' id='word_1_14' title='bbox 985 793 1123 858; x_wconf 89' lang='lat' dir='ltr'>minime</span> <span class='ocrx_word' id='word_1_15' title='bbox 1133 789 1239 857; x_wconf 89' lang='lat' dir='ltr'>civilis</span> <span class='ocrx_word' id='word_1_16' title='bbox 1248 791 1448 872; x_wconf 87' lang='lat' dir='ltr'>anirni,oon·</span> <span class='ocrx_word' id='word_1_17' title='bbox 1525 777 1526 800; x_wconf 51' lang='lat'>¹</span> 
     </span>
     <span class='ocr_line' id='line_1_4' title="bbox 412 899 1445 1001; baseline -0.011 -21"><span class='ocrx_word' id='word_1_18' title='bbox 412 910 518 980; x_wconf 86' lang='lat' dir='ltr'>fidens</span> <span class='ocrx_word' id='word_1_19' title='bbox 542 913 660 990; x_wconf 85' lang='lat' dir='ltr'>etiam,</span> <span class='ocrx_word' id='word_1_20' title='bbox 686 923 722 976; x_wconf 88' lang='lat' dir='ltr'>et</span> <span class='ocrx_word' id='word_1_21' title='bbox 741 928 848 1001; x_wconf 91' lang='lat' dir='ltr'>quum</span> <span class='ocrx_word' id='word_1_22' title='bbox 871 903 1001 987; x_wconf 89' lang='lat' dir='ltr'>verbis,</span> <span class='ocrx_word' id='word_1_23' title='bbox 1026 919 1097 970; x_wconf 91' lang='lat' dir='ltr'>tum</span> <span class='ocrx_word' id='word_1_24' title='bbox 1121 900 1221 969; x_wconf 89' lang='lat' dir='ltr'>rebus</span> <span class='ocrx_word' id='word_1_25' title='bbox 1243 899 1445 969; x_wconf 87' lang='lat' dir='ltr'>immodicus.</span> 
     </span>
     <span class='ocr_line' id='line_1_5' title="bbox 412 1014 1448 1114; baseline -0.009 -22"><span class='ocrx_word' id='word_1_26' title='bbox 412 1023 538 1092; x_wconf 79' lang='lat' dir='ltr'>Caenidi</span> <span class='ocrx_word' id='word_1_27' title='bbox 546 1024 573 1105; x_wconf 84' lang='lat'>⁶,</span> <span class='ocrx_word' id='word_1_28' title='bbox 590 1023 693 1114; x_wconf 91' lang='lat' dir='ltr'>patris</span> <span class='ocrx_word' id='word_1_29' title='bbox 708 1017 922 1100; x_wconf 76' lang='lat' dir='ltr'>concubine,</span> <span class='ocrx_word' id='word_1_30' title='bbox 939 1042 981 1086; x_wconf 86' lang='lat' dir='ltr'>ex</span> <span class='ocrx_word' id='word_1_31' title='bbox 995 1019 1093 1084; x_wconf 89' lang='lat' dir='ltr'>Istria</span> <span class='ocrx_word' id='word_1_32' title='bbox 1109 1038 1272 1099; x_wconf 83' lang='lat' dir='ltr'>reversae,</span> <span class='ocrx_word' id='word_1_33' title='bbox 1290 1014 1448 1084; x_wconf 87' lang='lat' dir='ltr'>osculum·</span> 
     </span>
     <span class='ocr_line' id='line_1_6' title="bbox 412 1125 1448 1229; baseline -0.008 -29"><span class='ocrx_word' id='word_1_34' title='bbox 412 1156 494 1229; x_wconf 88' lang='lat' dir='ltr'>que,</span> <span class='ocrx_word' id='word_1_35' title='bbox 514 1149 553 1200; x_wconf 89' lang='lat' dir='ltr'>ut</span> <span class='ocrx_word' id='word_1_36' title='bbox 572 1133 740 1213; x_wconf 77' lang='lat' dir='ltr'><strong>assuerat,</strong></span> <span class='ocrx_word' id='word_1_37' title='bbox 764 1128 935 1210; x_wconf 85' lang='lat' dir='ltr'>offerenti,</span> <span class='ocrx_word' id='word_1_38' title='bbox 953 1151 1093 1194; x_wconf 89' lang='lat' dir='ltr'>manum</span> <span class='ocrx_word' id='word_1_39' title='bbox 1110 1125 1268 1219; x_wconf 71' lang='lat' dir='ltr'>praebuit,</span> <span class='ocrx_word' id='word_1_40' title='bbox 1289 1129 1448 1193; x_wconf 76' lang='lat' dir='ltr'>Generum</span> 
     </span>
     <span class='ocr_line' id='line_1_7' title="bbox 413 1235 1526 1330; baseline -0.008 -20"><span class='ocrx_word' id='word_1_41' title='bbox 413 1243 556 1323; x_wconf 82' lang='lat' dir='ltr'>fratris7,</span> <span class='ocrx_word' id='word_1_42' title='bbox 576 1239 713 1330; x_wconf 76' lang='lat' dir='ltr'>indigne</span> <span class='ocrx_word' id='word_1_43' title='bbox 734 1239 862 1320; x_wconf 81' lang='lat' dir='ltr'>fereae,</span> <span class='ocrx_word' id='word_1_44' title='bbox 880 1235 1009 1303; x_wconf 81' lang='lat' dir='ltr'><strong>albatos</strong></span> <span class='ocrx_word' id='word_1_45' title='bbox 1029 1253 1063 1302; x_wconf 89' lang='lat' dir='ltr'>et</span> <span class='ocrx_word' id='word_1_46' title='bbox 1080 1238 1192 1328; x_wconf 91' lang='lat' dir='ltr'>ipsum</span> <span class='ocrx_word' id='word_1_47' title='bbox 1209 1237 1381 1304; x_wconf 89' lang='lat' dir='ltr'>ministros</span> <span class='ocrx_word' id='word_1_48' title='bbox 1399 1235 1447 1302; x_wconf 88' lang='lat' dir='ltr'>ha·</span> <span class='ocrx_word' id='word_1_49' title='bbox 1525 1281 1526 1292; x_wconf 70' lang='lat'>.</span> 
     </span>
     <span class='ocr_line' id='line_1_8' title="bbox 413 1349 1147 1443; baseline -0.001 -24"><span class='ocrx_word' id='word_1_50' title='bbox 413 1349 511 1433; x_wconf 82' lang='lat' dir='ltr'>here,</span> <span class='ocrx_word' id='word_1_51' title='bbox 526 1349 761 1443; x_wconf 78' lang='lat' dir='ltr'>proclamavit:</span> <span class='ocrx_word' id='word_1_52' title='bbox 776 1365 829 1420; x_wconf 76' lang='grc' dir='ltr'>Οὐκ</span> <span class='ocrx_word' id='word_1_53' title='bbox 842 1362 941 1440; x_wconf 61' lang='grc' dir='ltr'>ἀγαθὸν</span> <span class='ocrx_word' id='word_1_54' title='bbox 954 1364 1147 1440; x_wconf 74' lang='grc' dir='ltr'><strong>πολυκοιρανίη.</strong></span> 
     </span>
    </p>
   </div>
   <div class='ocr_carea' id='block_1_3' title="bbox 414 1473 1447 2124">
    <p class='ocr_par' dir='ltr' id='par_1_3' title="bbox 414 1473 1447 2124">
     <span class='ocr_line' id='line_1_9' title="bbox 459 1473 1447 1571; baseline -0.006 -23"><span class='ocrx_word' id='word_1_55' title='bbox 459 1485 551 1548; x_wconf 83' lang='grc' dir='ltr'>ΧΙΙΙ.</span> <span class='ocrx_word' id='word_1_56' title='bbox 577 1481 805 1571; x_wconf 77' lang='lat' dir='ltr'>principatum</span> <span class='ocrx_word' id='word_1_57' title='bbox 821 1501 902 1545; x_wconf 87' lang='lat' dir='ltr'>vero</span> <span class='ocrx_word' id='word_1_58' title='bbox 917 1475 1078 1569; x_wconf 84' lang='lat' dir='ltr'>adeptus,</span> <span class='ocrx_word' id='word_1_59' title='bbox 1094 1501 1205 1571; x_wconf 88' lang='lat' dir='ltr'>neque</span> <span class='ocrx_word' id='word_1_60' title='bbox 1223 1479 1260 1542; x_wconf 90' lang='lat' dir='ltr'>in</span> <span class='ocrx_word' id='word_1_61' title='bbox 1274 1481 1394 1545; x_wconf 79' lang='lat' dir='ltr'>Senatu</span> <span class='ocrx_word' id='word_1_62' title='bbox 1404 1473 1447 1570; x_wconf 85' lang='lat' dir='ltr'>ja-</span> 
     </span>
     <span class='ocr_line' id='line_1_10' title="bbox 414 1586 1445 1683; baseline -0.003 -25"><span class='ocrx_word' id='word_1_63' title='bbox 414 1608 505 1659; x_wconf 87' lang='lat' dir='ltr'>ctare</span> <span class='ocrx_word' id='word_1_64' title='bbox 520 1590 699 1673; x_wconf 79' lang='lat' dir='ltr'>dubitavit,</span> <span class='ocrx_word' id='word_1_65' title='bbox 722 1605 782 1656; x_wconf 76' lang='lat' dir='ltr'>net</span> <span class='ocrx_word' id='word_1_66' title='bbox 797 1592 884 1683; x_wconf 85' lang='lat' dir='ltr'>patri</span> <span class='ocrx_word' id='word_1_67' title='bbox 901 1613 938 1657; x_wconf 91' lang='lat' dir='ltr'>se</span> <span class='ocrx_word' id='word_1_68' title='bbox 954 1605 988 1655; x_wconf 87' lang='lat' dir='ltr'>et</span> <span class='ocrx_word' id='word_1_69' title='bbox 1001 1589 1096 1656; x_wconf 85' lang='lat' dir='ltr'>fratri</span> <span class='ocrx_word' id='word_1_70' title='bbox 1112 1591 1294 1681; x_wconf 87' lang='lat' dir='ltr'>imperium</span> <span class='ocrx_word' id='word_1_71' title='bbox 1308 1586 1445 1668; x_wconf 89' lang='lat' dir='ltr'>dedisse;</span> 
     </span>
     <span class='ocr_line' id='line_1_11' title="bbox 415 1697 1447 1795; baseline -0.005 -25"><span class='ocrx_word' id='word_1_72' title='bbox 415 1701 490 1786; x_wconf 87' lang='lat' dir='ltr'>illos</span> <span class='ocrx_word' id='word_1_73' title='bbox 513 1701 576 1768; x_wconf 87' lang='lat' dir='ltr'>sihi</span> <span class='ocrx_word' id='word_1_74' title='bbox 597 1699 828 1768; x_wconf 70' lang='lat' dir='ltr'>reddidisset»</span> <span class='ocrx_word' id='word_1_75' title='bbox 853 1724 964 1795; x_wconf 92' lang='lat' dir='ltr'>neque</span> <span class='ocrx_word' id='word_1_76' title='bbox 986 1703 1022 1767; x_wconf 90' lang='lat' dir='ltr'>in</span> <span class='ocrx_word' id='word_1_77' title='bbox 1043 1697 1235 1768; x_wconf 91' lang='lat' dir='ltr'>reducenda</span> <span class='ocrx_word' id='word_1_78' title='bbox 1252 1716 1332 1791; x_wconf 91' lang='lat' dir='ltr'>post</span> <span class='ocrx_word' id='word_1_79' title='bbox 1351 1698 1447 1766; x_wconf 83' lang='lat' dir='ltr'>divor·</span> 
     </span>
     <span class='ocr_line' id='line_1_12' title="bbox 415 1809 1442 1904; baseline -0.002 -26"><span class='ocrx_word' id='word_1_80' title='bbox 415 1814 500 1878; x_wconf 86' lang='lat' dir='ltr'>tium</span> <span class='ocrx_word' id='word_1_81' title='bbox 513 1835 616 1879; x_wconf 88' lang='lat' dir='ltr'>uxore</span> <span class='ocrx_word' id='word_1_82' title='bbox 631 1810 778 1894; x_wconf 84' lang='lat' dir='ltr'>edicere,</span> <span class='ocrx_word' id='word_1_83' title='bbox 798 1827 976 1879; x_wconf 73' lang='lat' dir='ltr'>«vocatam</span> <span class='ocrx_word' id='word_1_84' title='bbox 990 1835 1065 1878; x_wconf 89' lang='lat' dir='ltr'>eam</span> <span class='ocrx_word' id='word_1_85' title='bbox 1079 1813 1114 1877; x_wconf 91' lang='lat' dir='ltr'>in</span> <span class='ocrx_word' id='word_1_86' title='bbox 1125 1809 1284 1904; x_wconf 88' lang='lat' dir='ltr'>pulvinar</span> <span class='ocrx_word' id='word_1_87' title='bbox 1299 1821 1419 1877; x_wconf 89' lang='lat' dir='ltr'>suum¹.</span> <span class='ocrx_word' id='word_1_88' title='bbox 1431 1841 1442 1869; x_wconf 83' lang='grc' dir='ltr'>ι</span> 
     </span>
     <span class='ocr_line' id='line_1_13' title="bbox 417 1917 1446 2013; baseline -0.002 -25"><span class='ocrx_word' id='word_1_89' title='bbox 417 1919 599 1988; x_wconf 73' lang='lat' dir='ltr'>declamari</span> <span class='ocrx_word' id='word_1_90' title='bbox 614 1924 715 1988; x_wconf 83' lang='lat' dir='ltr'>etiarn</span> <span class='ocrx_word' id='word_1_91' title='bbox 727 1923 763 1988; x_wconf 93' lang='lat' dir='ltr'>in</span> <span class='ocrx_word' id='word_1_92' title='bbox 779 1920 1033 2013; x_wconf 79' lang='lat' dir='ltr'>Amphitheatro</span> <span class='ocrx_word' id='word_1_93' title='bbox 1048 1919 1138 2012; x_wconf 90' lang='lat' dir='ltr'>epuli</span> <span class='ocrx_word' id='word_1_94' title='bbox 1155 1917 1229 1986; x_wconf 86' lang='lat' dir='ltr'>die²</span> <span class='ocrx_word' id='word_1_95' title='bbox 1245 1919 1386 1987; x_wconf 85' lang='lat' dir='ltr'>libenter</span> <span class='ocrx_word' id='word_1_96' title='bbox 1397 1943 1446 1986; x_wconf 88' lang='lat' dir='ltr'>au-</span> 
     </span>
     <span class='ocr_line' id='line_1_14' title="bbox 415 2029 1446 2124; baseline 0.002 -28"><span class='ocrx_word' id='word_1_97' title='bbox 415 2029 495 2097; x_wconf 90' lang='lat' dir='ltr'>diit:</span> <span class='ocrx_word' id='word_1_98' title='bbox 523 2034 692 2101; x_wconf 73' lang='lat' dir='ltr'>..Domino</span> <span class='ocrx_word' id='word_1_99' title='bbox 711 2047 745 2098; x_wconf 90' lang='lat' dir='ltr'>et</span> <span class='ocrx_word' id='word_1_100' title='bbox 764 2035 915 2100; x_wconf 74' lang='lat' dir='ltr'>Dominae</span> <span class='ocrx_word' id='word_1_101' title='bbox 933 2031 1114 2100; x_wconf 74' lang='lat' dir='ltr'>feliciter.»</span> <span class='ocrx_word' id='word_1_102' title='bbox 1139 2030 1203 2100; x_wconf 89' lang='lat' dir='ltr'>Sed</span> <span class='ocrx_word' id='word_1_103' title='bbox 1222 2048 1255 2099; x_wconf 89' lang='lat' dir='ltr'>et</span> <span class='ocrx_word' id='word_1_104' title='bbox 1272 2029 1446 2124; x_wconf 89' lang='lat' dir='ltr'>Capitolino</span> 
     </span>
    </p>
   </div>
   <div class='ocr_carea' id='block_1_4' title="bbox 416 2141 1446 2677">
    <p class='ocr_par' dir='ltr' id='par_1_4' title="bbox 416 2141 1446 2677">
     <span class='ocr_line' id='line_1_15' title="bbox 416 2141 1446 2234; baseline 0 -27"><span class='ocrx_word' id='word_1_105' title='bbox 416 2143 618 2209; x_wconf 78' lang='lat' dir='ltr'>certamine³</span> <span class='ocrx_word' id='word_1_106' title='bbox 636 2160 774 2211; x_wconf 87' lang='lat' dir='ltr'>cunctos</span> <span class='ocrx_word' id='word_1_107' title='bbox 793 2145 920 2234; x_wconf 79' lang='lat' dir='ltr'>ingenti</span> <span class='ocrx_word' id='word_1_108' title='bbox 934 2166 1101 2209; x_wconf 89' lang='lat' dir='ltr'>consensu</span> <span class='ocrx_word' id='word_1_109' title='bbox 1120 2158 1313 2234; x_wconf 89' lang='lat' dir='ltr'>precantes,</span> <span class='ocrx_word' id='word_1_110' title='bbox 1332 2158 1370 2208; x_wconf 89' lang='lat' dir='ltr'>ut</span> <span class='ocrx_word' id='word_1_111' title='bbox 1384 2141 1446 2207; x_wconf 87' lang='lat' dir='ltr'>Pal·</span> 
     </span>
     <span class='ocr_line' id='line_1_16' title="bbox 416 2251 1446 2346; baseline 0 -28"><span class='ocrx_word' id='word_1_112' title='bbox 416 2251 542 2320; x_wconf 79' lang='lat' dir='ltr'>furium</span> <span class='ocrx_word' id='word_1_113' title='bbox 558 2255 676 2320; x_wconf 88' lang='lat' dir='ltr'>Suram</span> <span class='ocrx_word' id='word_1_114' title='bbox 691 2256 895 2335; x_wconf 87' lang='lat' dir='ltr'>restitueret,</span> <span class='ocrx_word' id='word_1_115' title='bbox 913 2254 1051 2346; x_wconf 84' lang='lat' dir='ltr'>pulsum</span> <span class='ocrx_word' id='word_1_116' title='bbox 1070 2252 1150 2320; x_wconf 91' lang='lat' dir='ltr'>olim</span> <span class='ocrx_word' id='word_1_117' title='bbox 1169 2257 1309 2335; x_wconf 87' lang='lat' dir='ltr'>Senatu,</span> <span class='ocrx_word' id='word_1_118' title='bbox 1326 2277 1363 2320; x_wconf 89' lang='lat' dir='ltr'>ac</span> <span class='ocrx_word' id='word_1_119' title='bbox 1377 2271 1446 2319; x_wconf 88' lang='lat' dir='ltr'>tunc</span> 
     </span>
     <span class='ocr_line' id='line_1_17' title="bbox 418 2357 1445 2456; baseline 0.004 -32"><span class='ocrx_word' id='word_1_120' title='bbox 418 2357 459 2426; x_wconf 88' lang='lat' dir='ltr'>de</span> <span class='ocrx_word' id='word_1_121' title='bbox 478 2359 667 2430; x_wconf 87' lang='lat' dir='ltr'>oratoribus</span> <span class='ocrx_word' id='word_1_122' title='bbox 688 2379 901 2445; x_wconf 87' lang='lat' dir='ltr'>coronatum,</span> <span class='ocrx_word' id='word_1_123' title='bbox 920 2362 1016 2431; x_wconf 90' lang='lat' dir='ltr'>nullo</span> <span class='ocrx_word' id='word_1_124' title='bbox 1036 2386 1199 2456; x_wconf 89' lang='lat' dir='ltr'>responso</span> <span class='ocrx_word' id='word_1_125' title='bbox 1218 2362 1387 2454; x_wconf 86' lang='lat' dir='ltr'>dignatus,</span> <span class='ocrx_word' id='word_1_126' title='bbox 1406 2377 1445 2427; x_wconf 85' lang='lat' dir='ltr'>m-</span> 
     </span>
     <span class='ocr_line' id='line_1_18' title="bbox 417 2470 1444 2567; baseline 0.001 -30"><span class='ocrx_word' id='word_1_127' title='bbox 417 2495 482 2537; x_wconf 84' lang='lat' dir='ltr'>eere</span> <span class='ocrx_word' id='word_1_128' title='bbox 497 2471 730 2540; x_wconf 87' lang='lat' dir='ltr'>tantummodo</span> <span class='ocrx_word' id='word_1_129' title='bbox 741 2470 859 2567; x_wconf 83' lang='lat' dir='ltr'>jussit,</span> <span class='ocrx_word' id='word_1_130' title='bbox 877 2497 957 2540; x_wconf 90' lang='lat' dir='ltr'>voce</span> <span class='ocrx_word' id='word_1_131' title='bbox 973 2474 1148 2566; x_wconf 83' lang='lat' dir='ltr'>praeconis.</span> <span class='ocrx_word' id='word_1_132' title='bbox 1165 2475 1240 2539; x_wconf 92' lang='lat' dir='ltr'>Pari</span> <span class='ocrx_word' id='word_1_133' title='bbox 1256 2474 1444 2564; x_wconf 83' lang='lat' dir='ltr'>arrogantia,</span> 
     </span>
     <span class='ocr_line' id='line_1_19' title="bbox 418 2583 1446 2677; baseline -0.001 -27"><span class='ocrx_word' id='word_1_134' title='bbox 418 2607 524 2677; x_wconf 89' lang='lat' dir='ltr'>quum</span> <span class='ocrx_word' id='word_1_135' title='bbox 542 2601 799 2676; x_wconf 86' lang='lat' dir='ltr'>procuratorum</span> <span class='ocrx_word' id='word_1_136' title='bbox 818 2608 958 2652; x_wconf 89' lang='lat' dir='ltr'>suorum</span> <span class='ocrx_word' id='word_1_137' title='bbox 975 2588 1111 2653; x_wconf 90' lang='lat' dir='ltr'>nomine</span> <span class='ocrx_word' id='word_1_138' title='bbox 1127 2585 1304 2652; x_wconf 89' lang='lat' dir='ltr'>formalem</span> <span class='ocrx_word' id='word_1_139' title='bbox 1321 2583 1446 2652; x_wconf 84' lang='lat' dir='ltr'>dictaret</span> 
     </span>
    </p>
   </div>
   <div class='ocr_carea' id='block_1_5' title="bbox 418 2817 1526 4324">
    <p class='ocr_par' dir='ltr' id='par_1_5' title="bbox 418 2817 1526 4324">
     <span class='ocr_line' id='line_1_20' title="bbox 453 2817 1446 2896; baseline -0.002 -22"><span class='ocrx_word' id='word_1_140' title='bbox 453 2822 479 2874; x_wconf 82' lang='grc'>6.</span> <span class='ocrx_word' id='word_1_141' title='bbox 501 2821 612 2886; x_wconf 78' lang='lat' dir='ltr'>Goene&#39;di,</span> <span class='ocrx_word' id='word_1_142' title='bbox 626 2835 676 2874; x_wconf 89' lang='lat' dir='ltr'>etc.</span> <span class='ocrx_word' id='word_1_143' title='bbox 687 2820 753 2874; x_wconf 82' lang='lat' dir='ltr'>Vide</span> <span class='ocrx_word' id='word_1_144' title='bbox 762 2821 797 2874; x_wconf 82' lang='lat' dir='ltr'>ad</span> <span class='ocrx_word' id='word_1_145' title='bbox 806 2825 915 2894; x_wconf 78' lang='lat' dir='ltr'>Vesper.</span> <span class='ocrx_word' id='word_1_146' title='bbox 961 2822 987 2890; x_wconf 76' lang='grc'>4.</span> <span class='ocrx_word' id='word_1_147' title='bbox 997 2853 1034 2865; x_wconf 90' lang='grc'>-</span> <span class='ocrx_word' id='word_1_148' title='bbox 1047 2825 1086 2878; x_wconf 84' lang='lat' dir='ltr'>De</span> <span class='ocrx_word' id='word_1_149' title='bbox 1099 2817 1211 2878; x_wconf 68' lang='lat' dir='ltr'>Homini</span> <span class='ocrx_word' id='word_1_150' title='bbox 1224 2821 1398 2896; x_wconf 80' lang='lat' dir='ltr'>appellatione</span> <span class='ocrx_word' id='word_1_151' title='bbox 1413 2820 1446 2872; x_wconf 89' lang='lat' dir='ltr'>di-</span> 
     </span>
     <span class='ocr_line' id='line_1_21' title="bbox 418 2899 1448 2979; baseline 0.006 -29"><span class='ocrx_word' id='word_1_152' title='bbox 418 2899 719 2971; x_wconf 59' lang='lat' dir='ltr'>3;,xtphit.1.xvl,14.</span> <span class='ocrx_word' id='word_1_153' title='bbox 962 2907 1046 2959; x_wconf 81' lang='lat' dir='ltr'>ximus</span> <span class='ocrx_word' id='word_1_154' title='bbox 1062 2904 1097 2957; x_wconf 85' lang='lat' dir='ltr'>ad</span> <span class='ocrx_word' id='word_1_155' title='bbox 1112 2907 1223 2977; x_wconf 82' lang='lat' dir='ltr'>August.</span> <span class='ocrx_word' id='word_1_156' title='bbox 1243 2927 1302 2979; x_wconf 84' lang='lat' dir='ltr'>cap.</span> <span class='ocrx_word' id='word_1_157' title='bbox 1323 2905 1364 2960; x_wconf 82' lang='lat'>53.</span> <span class='ocrx_word' id='word_1_158' title='bbox 1381 2905 1448 2956; x_wconf 77' lang='lat' dir='ltr'>Pltua</span> 
     </span>
     <span class='ocr_line' id='line_1_22' title="bbox 455 2980 1446 3052; baseline 0.002 -19"><span class='ocrx_word' id='word_1_159' title='bbox 455 2997 479 3050; x_wconf 86' lang='lat'>7.</span> <span class='ocrx_word' id='word_1_160' title='bbox 509 2983 638 3034; x_wconf 78' lang='lat' dir='ltr'>Gmemm</span> <span class='ocrx_word' id='word_1_161' title='bbox 659 2980 771 3052; x_wconf 80' lang='lat' dir='ltr'>fratris,-</span> <span class='ocrx_word' id='word_1_162' title='bbox 799 2981 918 3036; x_wconf 71' lang='lat' dir='ltr'>Flauum</span> <span class='ocrx_word' id='word_1_163' title='bbox 962 2984 995 3038; x_wconf 89' lang='lat' dir='ltr'>de</span> <span class='ocrx_word' id='word_1_164' title='bbox 1009 3001 1059 3037; x_wconf 87' lang='lat' dir='ltr'>usu</span> <span class='ocrx_word' id='word_1_165' title='bbox 1076 2986 1213 3037; x_wconf 85' lang='lat' dir='ltr'>nominum</span> <span class='ocrx_word' id='word_1_166' title='bbox 1228 2987 1338 3039; x_wconf 80' lang='lat' dir='ltr'>Domini</span> <span class='ocrx_word' id='word_1_167' title='bbox 1352 2999 1377 3037; x_wconf 85' lang='lat' dir='ltr'>et</span> <span class='ocrx_word' id='word_1_168' title='bbox 1390 2984 1446 3049; x_wconf 82' lang='lat' dir='ltr'>Dei,</span> 
     </span>
     <span class='ocr_line' id='line_1_23' title="bbox 418 3056 1447 3136; baseline 0.004 -26"><span class='ocrx_word' id='word_1_169' title='bbox 418 3056 553 3112; x_wconf 81' lang='lat' dir='ltr'>Sabinum.</span> <span class='ocrx_word' id='word_1_170' title='bbox 574 3057 652 3111; x_wconf 77' lang='lat' dir='ltr'>Comi.</span> <span class='ocrx_word' id='word_1_171' title='bbox 672 3058 706 3112; x_wconf 82' lang='lat' dir='ltr'>ad</span> <span class='ocrx_word' id='word_1_172' title='bbox 731 3078 790 3131; x_wconf 84' lang='lat' dir='ltr'>cap.</span> <span class='ocrx_word' id='word_1_173' title='bbox 817 3076 856 3112; x_wconf 85' lang='grc' dir='ltr'>ιο.</span> <span class='ocrx_word' id='word_1_174' title='bbox 878 3063 917 3113; x_wconf 87' lang='lat' dir='ltr'>De</span> <span class='ocrx_word' id='word_1_175' title='bbox 962 3083 978 3116; x_wconf 86' lang='lat' dir='ltr'>a</span> <span class='ocrx_word' id='word_1_176' title='bbox 1004 3065 1155 3116; x_wconf 86' lang='lat' dir='ltr'>Domitiano</span> <span class='ocrx_word' id='word_1_177' title='bbox 1181 3067 1295 3135; x_wconf 84' lang='lat' dir='ltr'>primum</span> <span class='ocrx_word' id='word_1_178' title='bbox 1324 3077 1447 3136; x_wconf 81' lang='lat' dir='ltr'>arrogata,</span> 
     </span>
     <span class='ocr_line' id='line_1_24' title="bbox 418 3137 1448 3215; baseline 0.005 -26"><span class='ocrx_word' id='word_1_179' title='bbox 418 3137 510 3192; x_wconf 79' lang='lat' dir='ltr'>albatis</span> <span class='ocrx_word' id='word_1_180' title='bbox 523 3140 704 3192; x_wconf 80' lang='lat' dir='ltr'>ministrorum</span> <span class='ocrx_word' id='word_1_181' title='bbox 717 3140 864 3193; x_wconf 87' lang='lat' dir='ltr'>aulicorum</span> <span class='ocrx_word' id='word_1_182' title='bbox 876 3160 917 3192; x_wconf 89' lang='lat' dir='ltr'>ue·</span> <span class='ocrx_word' id='word_1_183' title='bbox 962 3161 1046 3215; x_wconf 85' lang='lat' dir='ltr'>quum</span> <span class='ocrx_word' id='word_1_184' title='bbox 1055 3143 1448 3215; x_wconf 77' lang='lat' dir='ltr'>superioribusPrineipihusper</span> 
     </span>
     <span class='ocr_line' id='line_1_25' title="bbox 418 3216 1448 3294; baseline 0.001 -24"><span class='ocrx_word' id='word_1_185' title='bbox 418 3217 510 3285; x_wconf 66' lang='lat' dir='ltr'>sulus,</span> <span class='ocrx_word' id='word_1_186' title='bbox 528 3216 587 3270; x_wconf 83' lang='lat' dir='ltr'>vide</span> <span class='ocrx_word' id='word_1_187' title='bbox 603 3217 713 3273; x_wconf 81' lang='lat' dir='ltr'>Salmas.</span> <span class='ocrx_word' id='word_1_188' title='bbox 734 3219 769 3274; x_wconf 85' lang='lat' dir='ltr'>ad</span> <span class='ocrx_word' id='word_1_189' title='bbox 785 3220 915 3294; x_wconf 70' lang='lat' dir='ltr'>Lampe-id.</span> <span class='ocrx_word' id='word_1_190' title='bbox 961 3222 1139 3276; x_wconf 83' lang='lat' dir='ltr'>adulationem</span> <span class='ocrx_word' id='word_1_191' title='bbox 1168 3237 1271 3275; x_wconf 85' lang='lat' dir='ltr'>tantum</span> <span class='ocrx_word' id='word_1_192' title='bbox 1299 3221 1395 3288; x_wconf 84' lang='lat' dir='ltr'>indita,</span> <span class='ocrx_word' id='word_1_193' title='bbox 1421 3220 1448 3271; x_wconf 77' lang='lat' dir='ltr'>ab</span> 
     </span>
     <span class='ocr_line' id='line_1_26' title="bbox 419 3295 1450 3372; baseline 0 -24"><span class='ocrx_word' id='word_1_194' title='bbox 419 3295 505 3348; x_wconf 74' lang='lat' dir='ltr'>Seuer.</span> <span class='ocrx_word' id='word_1_195' title='bbox 517 3297 561 3368; x_wconf 83' lang='lat'>67.</span> <span class='ocrx_word' id='word_1_196' title='bbox 960 3302 1025 3372; x_wconf 83' lang='lat' dir='ltr'>ipsis</span> <span class='ocrx_word' id='word_1_197' title='bbox 1047 3314 1168 3354; x_wconf 83' lang='lat' dir='ltr'>recusata</span> <span class='ocrx_word' id='word_1_198' title='bbox 1188 3300 1235 3353; x_wconf 82' lang='lat' dir='ltr'>illa</span> <span class='ocrx_word' id='word_1_199' title='bbox 1258 3300 1386 3365; x_wconf 82' lang='lat' dir='ltr'>luissent,</span> <span class='ocrx_word' id='word_1_200' title='bbox 1408 3315 1450 3348; x_wconf 85' lang='lat' dir='ltr'>an-</span> 
     </span>
     <span class='ocr_line' id='line_1_27' title="bbox 454 3375 1449 3450; baseline -0.001 -20"><span class='ocrx_word' id='word_1_201' title='bbox 454 3377 559 3430; x_wconf 81' lang='lat' dir='ltr'>xn1.1.</span> <span class='ocrx_word' id='word_1_202' title='bbox 576 3379 611 3430; x_wconf 87' lang='lat' dir='ltr'>In</span> <span class='ocrx_word' id='word_1_203' title='bbox 620 3379 837 3448; x_wconf 77' lang='lat' dir='ltr'>pulvinursuum.</span> <span class='ocrx_word' id='word_1_204' title='bbox 851 3377 917 3432; x_wconf 84' lang='lat' dir='ltr'>Pul·</span> <span class='ocrx_word' id='word_1_205' title='bbox 961 3383 1061 3432; x_wconf 87' lang='lat' dir='ltr'>notavit</span> <span class='ocrx_word' id='word_1_206' title='bbox 1074 3381 1211 3433; x_wconf 80' lang='lat' dir='ltr'>Reimarus</span> <span class='ocrx_word' id='word_1_207' title='bbox 1231 3379 1265 3432; x_wconf 88' lang='lat' dir='ltr'>ad</span> <span class='ocrx_word' id='word_1_208' title='bbox 1282 3375 1449 3450; x_wconf 81' lang='lat' dir='ltr'>Xiphdinum‚</span> 
     </span>
     <span class='ocr_line' id='line_1_28' title="bbox 419 3456 1125 3530; baseline 0.003 -22"><span class='ocrx_word' id='word_1_209' title='bbox 419 3459 496 3508; x_wconf 74' lang='lat' dir='ltr'>einer</span> <span class='ocrx_word' id='word_1_210' title='bbox 507 3470 564 3508; x_wconf 86' lang='lat' dir='ltr'>erat</span> <span class='ocrx_word' id='word_1_211' title='bbox 576 3456 700 3511; x_wconf 86' lang='lat' dir='ltr'>Deorum.</span> <span class='ocrx_word' id='word_1_212' title='bbox 713 3459 780 3512; x_wconf 85' lang='lat' dir='ltr'>Vide</span> <span class='ocrx_word' id='word_1_213' title='bbox 794 3461 856 3512; x_wconf 77' lang='lat' dir='ltr'>Ges.</span> <span class='ocrx_word' id='word_1_214' title='bbox 873 3461 917 3530; x_wconf 84' lang='lat'>76.</span> <span class='ocrx_word' id='word_1_215' title='bbox 961 3459 1069 3524; x_wconf 79' lang='lat' dir='ltr'>vafl,</span> <span class='ocrx_word' id='word_1_216' title='bbox 1086 3460 1125 3512; x_wconf 85' lang='lat'>13.</span> 
     </span>
     <span class='ocr_line' id='line_1_29' title="bbox 420 3532 1449 3610; baseline -0.002 -24"><span class='ocrx_word' id='word_1_217' title='bbox 420 3532 499 3600; x_wconf 91' lang='lat' dir='ltr'>Quod</span> <span class='ocrx_word' id='word_1_218' title='bbox 510 3547 597 3587; x_wconf 88' lang='lat' dir='ltr'>autem</span> <span class='ocrx_word' id='word_1_219' title='bbox 609 3555 659 3606; x_wconf 85' lang='lat' dir='ltr'>pro</span> <span class='ocrx_word' id='word_1_220' title='bbox 672 3549 789 3590; x_wconf 77' lang='lat' dir='ltr'>vocatum</span> <span class='ocrx_word' id='word_1_221' title='bbox 803 3537 877 3590; x_wconf 86' lang='lat' dir='ltr'>multi</span> <span class='ocrx_word' id='word_1_222' title='bbox 887 3557 919 3591; x_wconf 82' lang='lat' dir='ltr'>ex</span> <span class='ocrx_word' id='word_1_223' title='bbox 997 3536 1023 3589; x_wconf 80' lang='lat'>3.</span> <span class='ocrx_word' id='word_1_224' title='bbox 1044 3537 1194 3610; x_wconf 79' lang='lat' dir='ltr'>Capitolino</span> <span class='ocrx_word' id='word_1_225' title='bbox 1212 3537 1361 3590; x_wconf 77' lang='lat' dir='ltr'>certamine.</span> <span class='ocrx_word' id='word_1_226' title='bbox 1374 3533 1449 3586; x_wconf 83' lang='lat' dir='ltr'>intell.</span> 
     </span>
     <span class='ocr_line' id='line_1_30' title="bbox 420 3615 1449 3691; baseline -0.005 -21"><span class='ocrx_word' id='word_1_227' title='bbox 420 3615 920 3690; x_wconf 69' lang='lat' dir='ltr'>Sdmeeiiconjecturareceperuntrn·</span> <span class='ocrx_word' id='word_1_228' title='bbox 962 3617 1179 3691; x_wconf 75' lang='lat' dir='ltr'>quinquennale,</span> <span class='ocrx_word' id='word_1_229' title='bbox 1208 3615 1282 3690; x_wconf 90' lang='lat' dir='ltr'>quod</span> <span class='ocrx_word' id='word_1_230' title='bbox 1310 3615 1449 3668; x_wconf 79' lang='lat' dir='ltr'>memorarit</span> 
     </span>
     <span class='ocr_line' id='line_1_31' title="bbox 421 3695 1450 3771; baseline -0.005 -24"><span class='ocrx_word' id='word_1_231' title='bbox 421 3707 554 3763; x_wconf 69' lang='lat' dir='ltr'>comtum,</span> <span class='ocrx_word' id='word_1_232' title='bbox 572 3695 600 3747; x_wconf 91' lang='lat' dir='ltr'>id</span> <span class='ocrx_word' id='word_1_233' title='bbox 615 3696 688 3749; x_wconf 90' lang='lat' dir='ltr'>nullo</span> <span class='ocrx_word' id='word_1_234' title='bbox 705 3697 785 3750; x_wconf 90' lang='lat' dir='ltr'>modo</span> <span class='ocrx_word' id='word_1_235' title='bbox 801 3701 918 3771; x_wconf 86' lang='lat' dir='ltr'>proban·</span> <span class='ocrx_word' id='word_1_236' title='bbox 962 3716 1020 3769; x_wconf 86' lang='lat' dir='ltr'>cap.</span> <span class='ocrx_word' id='word_1_237' title='bbox 1032 3699 1063 3764; x_wconf 75' lang='grc'>4,</span> <span class='ocrx_word' id='word_1_238' title='bbox 1075 3695 1226 3767; x_wconf 86' lang='lat' dir='ltr'>Capitolino</span> <span class='ocrx_word' id='word_1_239' title='bbox 1237 3698 1296 3748; x_wconf 79' lang='lat' dir='ltr'>Jovi</span> <span class='ocrx_word' id='word_1_240' title='bbox 1307 3698 1450 3748; x_wconf 85' lang='lat' dir='ltr'>institutum.</span> 
     </span>
     <span class='ocr_line' id='line_1_32' title="bbox 421 3771 1451 3847; baseline -0.005 -18"><span class='ocrx_word' id='word_1_241' title='bbox 421 3775 493 3829; x_wconf 85' lang='lat' dir='ltr'>dum.</span> <span class='ocrx_word' id='word_1_242' title='bbox 504 3777 565 3828; x_wconf 88' lang='lat' dir='ltr'>Non</span> <span class='ocrx_word' id='word_1_243' title='bbox 575 3778 643 3828; x_wconf 90' lang='lat' dir='ltr'>enim</span> <span class='ocrx_word' id='word_1_244' title='bbox 653 3777 818 3830; x_wconf 82' lang='lat' dir='ltr'>referendum</span> <span class='ocrx_word' id='word_1_245' title='bbox 831 3793 870 3831; x_wconf 85' lang='lat' dir='ltr'>est</span> <span class='ocrx_word' id='word_1_246' title='bbox 879 3779 918 3831; x_wconf 92' lang='lat' dir='ltr'>di·</span> <span class='ocrx_word' id='word_1_247' title='bbox 961 3775 992 3828; x_wconf 85' lang='lat' dir='ltr'>ld</span> <span class='ocrx_word' id='word_1_248' title='bbox 1007 3775 1069 3828; x_wconf 86' lang='lat' dir='ltr'>inde</span> <span class='ocrx_word' id='word_1_249' title='bbox 1086 3777 1165 3828; x_wconf 87' lang='lat' dir='ltr'>etiam</span> <span class='ocrx_word' id='word_1_250' title='bbox 1178 3787 1269 3847; x_wconf 85' lang='lat' dir='ltr'>patet,</span> <span class='ocrx_word' id='word_1_251' title='bbox 1287 3773 1359 3845; x_wconf 89' lang='lat' dir='ltr'>quod</span> <span class='ocrx_word' id='word_1_252' title='bbox 1374 3771 1451 3824; x_wconf 82' lang='lat' dir='ltr'>Pallu-</span> 
     </span>
     <span class='ocr_line' id='line_1_33' title="bbox 420 3851 1451 3910; baseline -0.007 -2"><span class='ocrx_word' id='word_1_253' title='bbox 420 3869 491 3908; x_wconf 84' lang='lat' dir='ltr'>otum</span> <span class='ocrx_word' id='word_1_254' title='bbox 502 3855 645 3907; x_wconf 83' lang='lat' dir='ltr'>Domitiani</span> <span class='ocrx_word' id='word_1_255' title='bbox 657 3855 692 3908; x_wconf 89' lang='lat' dir='ltr'>ad</span> <span class='ocrx_word' id='word_1_256' title='bbox 703 3859 867 3910; x_wconf 84' lang='lat' dir='ltr'>occasionem</span> <span class='ocrx_word' id='word_1_257' title='bbox 878 3877 919 3910; x_wconf 80' lang='lat' dir='ltr'>re-</span> <span class='ocrx_word' id='word_1_258' title='bbox 961 3858 1017 3908; x_wconf 88' lang='lat' dir='ltr'>rius</span> <span class='ocrx_word' id='word_1_259' title='bbox 1027 3870 1170 3908; x_wconf 88' lang='lat' dir='ltr'>coronatus</span> <span class='ocrx_word' id='word_1_260' title='bbox 1180 3856 1277 3907; x_wconf 85' lang='lat' dir='ltr'>dicitur</span> <span class='ocrx_word' id='word_1_261' title='bbox 1286 3851 1451 3907; x_wconf 66' lang='lat' dir='ltr'>decretoribus</span> 
     </span>
     <span class='ocr_line' id='line_1_34' title="bbox 420 3930 1451 4000; baseline -0.003 -14"><span class='ocrx_word' id='word_1_262' title='bbox 420 3935 503 3986; x_wconf 80' lang='lat' dir='ltr'>ductoe</span> <span class='ocrx_word' id='word_1_263' title='bbox 514 3935 615 4000; x_wconf 76' lang='lat' dir='ltr'>uxoris,</span> <span class='ocrx_word' id='word_1_264' title='bbox 628 3932 675 3986; x_wconf 90' lang='lat' dir='ltr'>ubi</span> <span class='ocrx_word' id='word_1_265' title='bbox 685 3934 752 3988; x_wconf 89' lang='lat' dir='ltr'>illud</span> <span class='ocrx_word' id='word_1_266' title='bbox 764 3935 858 4000; x_wconf 88' lang='lat' dir='ltr'>edidit,</span> <span class='ocrx_word' id='word_1_267' title='bbox 871 3937 917 3988; x_wconf 88' lang='lat' dir='ltr'>sed</span> <span class='ocrx_word' id='word_1_268' title='bbox 961 3934 989 3990; x_wconf 84' lang='lat' dir='ltr'>h.</span> <span class='ocrx_word' id='word_1_269' title='bbox 1007 3956 1030 3988; x_wconf 92' lang='lat' dir='ltr'>e.</span> <span class='ocrx_word' id='word_1_270' title='bbox 1047 3955 1078 3988; x_wconf 84' lang='lat' dir='ltr'>ex</span> <span class='ocrx_word' id='word_1_271' title='bbox 1094 3937 1239 3988; x_wconf 73' lang='lat' dir='ltr'>oratoribus</span> <span class='ocrx_word' id='word_1_272' title='bbox 1249 3938 1304 3988; x_wconf 83' lang='lat' dir='ltr'>sive</span> <span class='ocrx_word' id='word_1_273' title='bbox 1316 3945 1345 3986; x_wconf 88' lang='lat' dir='ltr'>ut</span> <span class='ocrx_word' id='word_1_274' title='bbox 1356 3949 1415 3985; x_wconf 78' lang='lat' dir='ltr'>unm</span> <span class='ocrx_word' id='word_1_275' title='bbox 1425 3930 1451 3980; x_wconf 83' lang='lat' dir='ltr'>de</span> 
     </span>
     <span class='ocr_line' id='line_1_35' title="bbox 420 4009 1450 4086; baseline -0.004 -22"><span class='ocrx_word' id='word_1_276' title='bbox 420 4014 497 4064; x_wconf 84' lang='lat' dir='ltr'>unice</span> <span class='ocrx_word' id='word_1_277' title='bbox 529 4011 721 4067; x_wconf 76' lang='lat' dir='ltr'>consideranda</span> <span class='ocrx_word' id='word_1_278' title='bbox 750 4017 918 4084; x_wconf 76' lang='lat' dir='ltr'>arrogantia,</span> <span class='ocrx_word' id='word_1_279' title='bbox 962 4009 1450 4086; x_wconf 76' lang='lat' dir='ltr'>oratoribus,quibuscumcertah&#39;otlie</span> 
     </span>
     <span class='ocr_line' id='line_1_36' title="bbox 422 4084 1449 4165; baseline -0.005 -21"><span class='ocrx_word' id='word_1_280' title='bbox 422 4108 479 4162; x_wconf 82' lang='lat' dir='ltr'>quae</span> <span class='ocrx_word' id='word_1_281' title='bbox 495 4105 536 4144; x_wconf 83' lang='lat' dir='ltr'>eet</span> <span class='ocrx_word' id='word_1_282' title='bbox 549 4094 577 4144; x_wconf 85' lang='lat' dir='ltr'>in</span> <span class='ocrx_word' id='word_1_283' title='bbox 592 4093 723 4145; x_wconf 81' lang='lat' dir='ltr'>vocabulo</span> <span class='ocrx_word' id='word_1_284' title='bbox 735 4092 869 4165; x_wconf 78' lang='lat' dir='ltr'>puluinar,</span> <span class='ocrx_word' id='word_1_285' title='bbox 884 4093 918 4146; x_wconf 88' lang='lat' dir='ltr'>de</span> <span class='ocrx_word' id='word_1_286' title='bbox 961 4092 1087 4164; x_wconf 80' lang='lat' dir='ltr'>Palfurio</span> <span class='ocrx_word' id='word_1_287' title='bbox 1104 4091 1166 4144; x_wconf 84' lang='lat' dir='ltr'>vide</span> <span class='ocrx_word' id='word_1_288' title='bbox 1182 4091 1271 4144; x_wconf 81' lang='lat' dir='ltr'>Sahal.</span> <span class='ocrx_word' id='word_1_289' title='bbox 1291 4090 1327 4143; x_wconf 80' lang='lat' dir='ltr'>ed</span> <span class='ocrx_word' id='word_1_290' title='bbox 1343 4084 1449 4143; x_wconf 74' lang='lat' dir='ltr'>Juvenal·</span> 
     </span>
     <span class='ocr_line' id='line_1_37' title="bbox 420 4164 1526 4244; baseline -0.003 -21"><span class='ocrx_word' id='word_1_291' title='bbox 420 4169 553 4224; x_wconf 73' lang='lat' dir='ltr'>lactem</span> <span class='ocrx_word' id='word_1_292' title='bbox 568 4186 705 4243; x_wconf 83' lang='lat' dir='ltr'>usurpato.</span> <span class='ocrx_word' id='word_1_293' title='bbox 962 4171 1015 4224; x_wconf 83' lang='lat' dir='ltr'>Sat.</span> <span class='ocrx_word' id='word_1_294' title='bbox 1033 4176 1078 4238; x_wconf 83' lang='lat' dir='ltr'>lv,</span> <span class='ocrx_word' id='word_1_295' title='bbox 1096 4173 1146 4233; x_wconf 81' lang='lat'>63;</span> <span class='ocrx_word' id='word_1_296' title='bbox 1166 4172 1278 4244; x_wconf 89' lang='lat' dir='ltr'>interpr.</span> <span class='ocrx_word' id='word_1_297' title='bbox 1297 4169 1331 4224; x_wconf 91' lang='lat' dir='ltr'>ad</span> <span class='ocrx_word' id='word_1_298' title='bbox 1347 4164 1448 4222; x_wconf 73' lang='lat' dir='ltr'>namu.</span> <span class='ocrx_word' id='word_1_299' title='bbox 1525 4219 1526 4236; x_wconf 33' lang='lat'>2</span> 
     </span>
     <span class='ocr_line' id='line_1_38' title="bbox 458 4250 1526 4324; baseline 0.004 -23"><span class='ocrx_word' id='word_1_300' title='bbox 458 4268 481 4301; x_wconf 64' lang='grc' dir='ltr'>π.</span> <span class='ocrx_word' id='word_1_301' title='bbox 501 4250 916 4323; x_wconf 70' lang='lat' dir='ltr'>Epulidieadequovideedc.</span> <span class='ocrx_word' id='word_1_302' title='bbox 962 4253 1231 4324; x_wconf 68' lang='lat' dir='ltr'>Epigr.Vl,44,13.</span> <span class='ocrx_word' id='word_1_303' title='bbox 1525 4271 1526 4274; x_wconf 47' lang='lat'>¹</span> 
     </span>
    </p>
   </div>
   <div class='ocr_carea' id='block_1_6' title="bbox 0 0 1555 5146">
    <p class='ocr_par' dir='ltr' id='par_1_6' title="bbox 0 0 1555 5146">
     <span class='ocr_line' id='line_1_39' title="bbox 0 0 1555 5146; baseline 0 0"><span class='ocrx_word' id='word_1_304' title='bbox 0 0 1555 5146; x_wconf 95' lang='lat' dir='ltr'> </span> 
     </span>
    </p>
   </div>
  </div>
 </body>
</html>
