3076 5146
395 473 646 540 EXCURSUS
670 475 739 552 Vl,
766 475 847 536 Vll.
1081 473 1145 551 483

95 604 285 675 inscriptiones
297 602 325 653 iu
338 599 466 672 singulari
474 617 584 650 numero
595 615 700 668 semper
710 596 809 650 scalam
821 594 928 647 babent.
941 594 1031 648 Solum
1043 593 1148 648 Glosse-

96 689 166 738 rium
179 683 287 737 Labbaei
301 682 438 736 scolarium
454 681 578 752 prefert,
594 691 673 751 atque
689 677 717 730 id
730 680 817 747 ipsum
831 679 901 728 forte
915 694 1002 728 errore
1018 680 1150 744 auctoris,

97 767 145 838 qui
160 763 293 836 pluralem
309 762 418 816 scalaria
433 759 589 829 usingulari
603 757 741 811 scalarium
758 755 820 810 duci
839 757 965 828 putabat:
983 759 1023 808 uti
1041 756 1150 828 quidam

96 864 149 918 pro
161 843 290 914 singulari
303 842 441 896 scolarium
452 835 737 914 laudant'Vitruvium,
748 838 781 904 V,
791 838 822 902 6,
833 835 904 908 apud
917 855 995 909 quem
1008 851 1096 890 tamen
1108 837 1151 889 ille

98 942 229 977 numerus
242 941 296 974 non
308 923 444 992 reperitur.
459 923 492 974 Et
505 919 585 990 hujus
598 930 685 968 temen
702 917 829 970 Glossarii
844 919 1029 969 auctoritatem
1042 918 1078 969 ita
1093 935 1150 970 am-

98 1004 228 1075 plectitur
238 1003 353 1054 Lexicon
365 1000 457 1065 Fabri,
469 1013 498 1052 ut
510 999 580 1052 bsnc
591 1015 672 1050 unam
681 998 808 1062 formam,
820 997 912 1049 relicta
923 998 1048 1060 rectiori,
1059 1011 1152 1069 ponet.

99 1087 172 1138 Nem
187 1082 281 1136 infime
297 1083 379 1134 etatis
394 1081 553 1150 scriptores,
568 1081 614 1150 qui
628 1077 767 1132 scolarium
781 1075 880 1130 hebent
894 1077 970 1150 (vide
981 1078 1110 1150 (leogium
1125 1083 1153 1132 in

100 1163 220 1217 Glossar.
238 1163 265 1212 in
280 1159 308 1212 b.
321 1160 378 1231 m),
396 1156 462 1210 nihil
473 1157 727 1229 moramur.'Neque
741 1170 912 1227 argumento,
926 1157 1023 1228 quode
1034 1160 1153 1232 Josepbo
1260 1181 1262 1184 ·

99 1256 129 1296 et
144 1242 232 1292 Dione
247 1240 400 1306 arcessitur,
411 1256 466 1289 non
483 1239 561 1304 satis,
577 1249 607 1290 ut
619 1237 726 1306 opinor,
738 1234 826 1288 fucere
838 1255 986 1308 possumus.
1000 1238 1069 1290 Nam
1082 1238 1155 1311 quod

101 1322 153 1373 Dio
167 1339 227 1373 eum
242 1320 269 1371 in
282 1317 397 1369 obscuro
413 1316 510 1388 angulo
524 1317 628 1370 stetisse
643 1314 724 1382 dicit,
741 1314 805 1368 nihil
818 1317 943 1388 impedit,
959 1335 1014 1390 quo
1030 1321 1116 1372 miuus
1127 1321 1155 1371 iu

102 1399 179 1454 editu
189 1397 288 1461 solarii,
301 1397 381 1449 alicui
389 1395 513 1449 eubiculo
525 1394 653 1466 adjuncti,
663 1414 691 1449 se
703 1394 844 1448 abdiderit.
856 1397 1022 1469 Lampridius
1032 1399 1155 1469 quidem,

103 1500 165 1552 cap.
184 1480 230 1547 14,
247 1477 418 1548 Elagabalum
440 1477 518 1528 etiam
535 1474 641 1548 prodit,
659 1475 771 1528 «subito
785 1476 898 1528 militum
913 1481 1025 1548 strepitu
1046 1481 1156 1532 exterri-

104 1575 179 1628 tum,
196 1563 224 1613 in
238 1557 367 1628 ungulum
382 1577 411 1610 se
425 1555 594 1624 condidisse,
608 1556 769 1629 objectuque
783 1557 834 1610 reli
849 1557 1025 1627 cubicularis,
1040 1560 1112 1632 quod
1129 1563 1155 1612 iu

103 1643 216 1695 introitu
229 1639 346 1691 cubiculi
362 1652 436 1703 erat,
449 1656 477 1690 se
489 1637 592 1690 texisse.
605 1661 616 1684 s
631 1640 660 1689 ln
675 1656 770 1709 quem,
782 1657 885 1710 quaeso,
902 1638 1047 1710 angulum?
1062 1659 1156 1712 nempe

104 1721 226 1792 ejusdem
242 1719 376 1786 cubiculi,
391 1719 417 1768 in
431 1736 485 1788 qno
498 1731 569 1784 erat,
581 1715 612 1769 ut
623 1729 763 1769 contextus
775 1719 904 1770 orationis
916 1717 1003 1770 docet.
1017 1720 1110 1790 Neque
1121 1719 1158 1771 ilb

71 1841 75 1851 .
105 1803 188 1871 pauci
199 1798 313 1871 Josephi
327 1797 426 1870 gradus
439 1796 517 1848 alieni
529 1811 592 1849 sunt
608 1815 624 1848 a
641 1794 730 1848 solarii
746 1795 835 1863 aditu,
849 1795 884 1848 ad
900 1797 974 1867 quod
989 1815 1095 1869 percos
1112 1797 1158 1848 ad-

107 1878 199 1931 scendi
211 1880 308 1950 potuit.

415 2110 734 2209 EXCURSUS
763 2112 853 2208 VII
917 2189 919 2194 ,

335 2369 734 2456 luculentum,
763 2369 847 2438 (ιιι.
881 2394 936 2438 20.
1014 2413 1017 2419 -

112 2791 146 2876 F
152 2837 252 2875 ιιοιιιιιιι
263 2820 373 2893 (lacum)
382 2838 511 2894 oppressus
521 2833 566 2888 est,
580 2836 630 2874 etc.
642 2823 698 2872 Viri
707 2820 788 2889 docti,
799 2821 967 2888 Torrentius,
980 2823 1163 2891 Cassubonus,
1250 2875 1262 2884 ,

113 2903 248 2968 Graevius,
262 2902 444 2967 Burmannus,
460 2899 563 2953 inducti
575 2903 668 2954 Diouis
680 2901 763 2953 cassii
774 2899 852 2968 loco,
863 2915 975 2972 negant,
988 2902 1061 2955 lacus
1072 2906 1163 2975 Fucini

115 3002 186 3056 opus
201 3002 216 3035 a
231 2981 343 3033 Claudio
358 2982 506 3054 perlectum
522 3001 587 3034 esse.
602 2983 632 3033 ln
648 3000 701 3052 quo
715 3000 773 3032 mea
788 2983 915 3032 sententis
932 2981 965 3033 ab
983 2983 1102 3055 ipsorum
1120 3004 1164 3036 ra-

113 3065 191 3114 tione
206 3058 328 3113 discedit.
340 3059 406 3113 Dico
421 3061 502 3132 igitur
515 3061 644 3130 primum:
663 3059 839 3124 «Suetonium
855 3057 1006 3111 absolutum
1024 3079 1091 3132 opus
1108 3079 1164 3113 cre·

114 3139 216 3193 didisse
229 3151 254 3190 et
266 3137 425 3211 prodidisse.
437 3163 447 3186 ι
460 3141 542 3204 Nam,
555 3139 655 3210 primo,
668 3140 834 3190 emissionem
844 3137 917 3190 lacus
930 3140 1022 3191 Fucini
1033 3141 1113 3192 refert
1124 3141 1164 3192 in·

114 3236 158 3275 ter
170 3219 276 3273 Claudii
289 3240 370 3292 opera
383 3221 519 3292 perlecta,
535 3240 589 3272 uus
603 3239 663 3272 curn
675 3222 789 3274 Ostiensi
806 3233 901 3292 portu,
915 3233 942 3272 et
957 3239 1026 3292 uque
1040 3221 1164 3289 Claudia,

115 3316 167 3355 etc.
181 3300 303 3368 Deinde,
316 3299 412 3353 diserte
425 3300 504 3366 dicit,
519 3314 581 3372 post
591 3300 715 3356 undecim
728 3319 811 3354 annos
823 3299 990 3352 absolutum:
1006 3303 1098 3369 tertio,
1111 3304 1166 3355 sol-

114 3381 280 3434 lemnitatem
296 3381 443 3432 emissionis
461 3380 552 3449 addit,
571 3399 629 3451 cap.
647 3398 688 3434 ιι.
707 3381 773 3448 Ques
787 3393 848 3434 sunt
866 3383 953 3432 omnia
970 3380 1116 3450 ejusmodi,
1135 3399 1166 3436 ut

114 3461 253 3526 indicent,
268 3459 423 3514 Suetonium
437 3460 471 3512 de
484 3462 648 3532 perfectione
661 3463 747 3532 operis
760 3479 813 3512 non
828 3459 978 3528 dubitasse,
992 3459 1025 3513 de
1037 3480 1123 3533 eaque
1134 3482 1166 3515 ex

115 3545 196 3594 certis
209 3555 236 3592 et
249 3540 388 3612 diligenter
400 3543 552 3615 perscriptis
566 3543 735 3594 monimentis
751 3539 909 3613 prodidisse.
924 3543 994 3594 Nem
1011 3543 1084 3615 quod
1101 3545 1167 3597 Bur·

116 3639 232 3673 mannus
247 3621 354 3673 everbo
366 3640 494 3696 oppressus
505 3634 690 3693 argumentum
703 3620 792 3687 ducit,
807 3620 915 3673 fallitur.
928 3623 1069 3676 Suetonius
1080 3625 1167 3676 voluit

116 3701 251 3767 indicare,
267 3720 320 3773 quo
335 3703 447 3755 consilio
462 3701 496 3754 sd
514 3720 582 3774 opus
598 3701 665 3754 illud
679 3703 835 3767 accesserit,
849 3714 875 3752 et
888 3701 966 3754 dicit:
982 3705 1108 3756 Fucinum
1120 3725 1165 3779 uq-

114 3800 213 3856 pressus
221 3791 270 3847 est,
284 3796 334 3835 ete.
344 3783 387 3833 An
398 3801 461 3834 vero
471 3801 526 3833 nou
537 3780 704 3854 aggredimur
714 3783 792 3836 etism
804 3801 849 3846 eu,
862 3801 918 3853 quse
928 3799 989 3854 post
999 3783 1168 3857 perficimus?

117 3862 220 3928 Livius,
233 3861 284 3928 Vl,
297 3880 310 3914 2
326 3874 390 3913 extr.
404 3863 456 3915 Sed
469 3863 555 3914 urbem
569 3863 648 3914 etiam
657 3881 802 3936 aggressu,
814 3863 914 3936 impetu
925 3866 1011 3936 primo
1023 3865 1096 3936 cepit.
1113 3864 1167 3914 Ad·

117 3959 203 3993 versus
221 3939 289 3993 banc
302 3955 391 3994 sutem
410 3955 462 3994 tsm
482 3943 651 4015 perspicuum
670 3942 788 3994 Suetonii
804 3940 1026 4015 affimationem,
1045 3942 1106 3996 dico
1125 3962 1168 3996 se·

119 4020 309 4089 cundo,m'bi1
322 4021 407 4075 ualere
417 4024 548 4090 Diouem,
564 4024 609 4094 qui
621 4041 635 4073 e
647 4024 826 4094 posteriorum
841 4039 991 4096 temporum
1008 4039 1078 4077 stetu
1095 4025 1168 4078 lacus

118 4101 213 4153 Fucini
229 4099 332 4153 videtur
351 4101 503 4172 collegisse,
522 4121 590 4174 opus
605 4101 754 4155 absolutum
772 4122 826 4155 uon
841 4105 931 4156 luisse.
948 4107 1055 4178 Neque,
1074 4105 1168 4170 tertio,
1212 4146 1215 4155 .

121 4181 203 4246 obest,
219 4181 289 4252 quod
299 4183 386 4235 Nerua
402 4183 486 4234 lacum
502 4183 629 4234 Fucinum
640 4183 751 4236 emisisse
763 4185 858 4236 dicitur
870 4187 896 4234 in
909 4186 1082 4254 inscriptione
1096 4183 1167 4255 apud

974 4275 1027 4340 31.
