3116 5146
832 535 1061 600 ERNESTII

714 817 1033 917 EXCURSUS
1062 821 1174 918 XVI
1213 799 1215 803 ⁵

620 1077 689 1146 AD
716 1072 1092 1160 DOMITIANUM,
1120 1073 1205 1144 Car.
1233 1073 1269 1146 8.

423 1515 604 1602 Psarusoata
615 1545 762 1598 arsenioms
771 1543 845 1614 (narn
859 1547 895 1598 ita
905 1542 1061 1618 legendnm)
1072 1543 1138 1618 quid
1149 1547 1218 1610 sint,
1230 1544 1369 1600 dubitatur.
1380 1549 1447 1622 Cuja·

422 1633 492 1694 cius,
503 1626 536 1680 sd
548 1627 564 1678 l.
577 1627 637 1678 Xili
647 1625 772 1678 Pendeat.
784 1625 818 1676 de
827 1627 949 1678 Excusat.
963 1645 990 1698 p.
1006 1644 1040 1676 m.
1057 1624 1124 1692 256,
1136 1628 1172 1678 ait
1188 1644 1262 1690 esse,
1276 1641 1316 1680 ter
1327 1643 1446 1700 quaterve,

421 1711 488 1764 dicis
499 1727 608 1774 caussa,
618 1709 758 1778 repetitas,
770 1709 797 1757 in
806 1703 960 1758 liberalibus
970 1707 1084 1759 caussis:
1098 1704 1131 1759 de
1141 1706 1236 1780 quibus
1246 1707 1314 1760 idem
1324 1711 1381 1762 Jure
1390 1713 1448 1765 Con·
1535 1769 1537 1788 Ι

420 1789 505 1844 sultus
519 1791 645 1840 maximus
656 1786 760 1855 scripsit
773 1785 806 1838 ad
820 1785 904 1838 Paulli
920 1786 1036 1838 Senteot.
1048 1785 1093 1838 lib.
1104 1790 1137 1851 V,
1149 1789 1189 1840 tit.
1205 1805 1228 1840 t.
1243 1790 1325 1841 Janus
1339 1807 1353 1841 a
1365 1793 1446 1856 Costa,
1536 1841 1537 1864 ,

420 1871 522 1940 Cujacii
530 1866 691 1937 discipulus,
704 1863 738 1918 ad
748 1868 830 1917 instit.
841 1869 861 1932 l,
876 1864 920 1932 13,
931 1864 964 1919 de
975 1865 1139 1933 actionibus,
1153 1865 1268 1938 explicat
1278 1866 1312 1919 de
1322 1871 1447 1921 assertione

419 1951 474 2004 ficti
489 1949 643 2011 assertoris,
661 1947 881 2017 quemdominus
897 1935 947 2017 pe'r
962 1947 1137 1999 collusionem
1149 1966 1210 1999 cum
1224 1962 1352 2000 assertore
1364 1951 1448 2022 patitur

420 2032 532 2084 liberum
546 2027 660 2100 judicari
679 2045 798 2079 servum:
818 2046 901 2099 eaque
916 2029 1046 2080 sententia
1064 2027 1187 2096 placebat
1206 2029 1363 2081 Burmaono.
1378 2029 1447 2081 Valde

419 2125 510 2164 contra
524 2107 662 2161 dubitabat
671 2104 928 2173 Noordlrerlrius,dc
939 2108 1006 2176 Lege
1020 2108 1125 2158 Petron.
1138 2125 1200 2177 pag.
1214 2106 1264 2173 54,
1274 2121 1368 2160 recten
1381 2108 1446 2160 Costa
1536 2171 1537 2176 ¹

420 2190 545 2262 explicari
558 2187 716 2239 assertiones
725 2183 895 2256 perfusorias.
907 2187 967 2254 lpse
979 2183 1046 2235 nibil
1058 2183 1130 2234 aliud
1142 2201 1200 2235 esse
1212 2198 1304 2255 putot,
1315 2186 1448 2258 perfusoriis

419 2268 597 2324 assertionibus
612 2284 637 2319 se
648 2264 859 2330 accommodare,
872 2281 968 2334 quam,
985 2275 1177 2315 sacramentum
1189 2265 1217 2314 in
1234 2263 1379 2318 libertatem
1391 2268 1448 2317 reci-
1536 2317 1537 2336 ἢ

418 2348 531 2422 piendo,
543 2365 573 2398 ac
582 2343 710 2397 vindicias
721 2341 891 2395 decernendo
901 2345 1068 2414 permittere,
1079 2358 1109 2396 ut
1118 2346 1275 2396 assertiones
1286 2346 1447 2396 instituantur.
1536 2363 1537 2406 j

418 2428 470 2482 Sed
483 2428 523 2479 his
535 2425 621 2478 verbis
634 2423 749 2476 arbitror
760 2423 887 2495 explicari
897 2437 1001 2474 tantum
1014 2441 1107 2494 posse,
1119 2423 1181 2495 quid
1195 2427 1241 2489 sit,
1254 2426 1448 2478 assertionibus
1536 2429 1537 2484 1

418 2505 626 2570 accommodare,
640 2523 693 2554 nou
707 2501 771 2573 quid
782 2501 941 2575 perfusoriis.
955 2503 1037 2568 Tum,
1054 2503 1115 2553 dare
1128 2502 1268 2567 uindicias,
1279 2501 1308 2554 h.
1321 2522 1343 2555 e.
1357 2505 1446 2574 permit·
1536 2495 1537 2522 l

417 2597 486 2652 tere,
497 2597 526 2635 ut
537 2583 655 2635 vindiciae
667 2585 849 2648 instituantur,
861 2599 915 2632 non
927 2593 966 2634 est
975 2581 1111 2651 judicum,
1123 2580 1169 2633 sed
1181 2584 1314 2634 Pretoris:
1327 2581 1394 2655 qnod
1402 2584 1448 2654 ipse
1536 2601 1537 2612 ¹

417 2682 478 2714 mox
494 2661 672 2727 demonstrat,
688 2679 769 2732 quurn
787 2661 906 2711 Praetoris
923 2661 1004 2712 fuisse
1018 2659 1093 2727 dicit,
1110 2663 1259 2713 examinare
1275 2679 1390 2713 caussam
1404 2661 1448 2711 liti·

417 2741 510 2815 pandi,
526 2759 609 2812 eaque
624 2740 749 2812 probata,
763 2739 906 2810 disponere
921 2741 1087 2792 assertiones.
1103 2741 1307 2792 Accommodare
1319 2761 1344 2793 se
1357 2759 1447 2805 causa,
1536 2741 1537 2802 Ϊ

418 2841 500 2894 quum
515 2819 548 2871 de
560 2819 650 2892 judice
664 2819 769 2884 dicitur,
783 2821 809 2870 in
824 2832 963 2890 utramque
977 2832 1079 2891 partem
1094 2819 1145 2872 dici
1158 2833 1246 2890 potest
1260 2840 1292 2872 ex
1306 2839 1355 2872 usu
1365 2821 1448 2871 Latina
1535 2805 1537 2850 l

416 2901 520 2970 linguae.
533 2900 564 2949 ln
576 2899 673 2950 bonam
686 2912 786 2968 partein
802 2917 883 2970 quum
898 2897 1002 2965 dicitur,
1015 2910 1052 2951 est
1064 2899 1131 2951 nihil
1143 2899 1229 2967 aliud,
1245 2920 1324 2972 quam
1338 2899 1402 2973 quod
1413 2899 1449 2950 Gi-

416 2999 478 3033 cero
489 2980 566 3046 dicit,
579 2979 740 3049 diligentiam
752 2981 779 3031 in
791 2978 975 3051 cognoscenda
988 2997 1079 3032 caussa
1093 2979 1227 3032 adhibere.
1238 2980 1290 3034 Sed
1301 2980 1328 3032 b.
1339 2981 1355 3031 Ι.
1368 2980 1450 3032 dicitur
1536 3035 1537 3038 Ἴ

416 3065 443 3114 in
455 3061 613 3114 deteriorem
626 3073 740 3131 partem,
752 3073 778 3111 et
790 3075 843 3126 est,
857 3061 941 3110 favere
953 3077 1051 3113 caussae
1064 3074 1156 3112 contra
1165 3063 1210 3132 jus
1225 3075 1251 3113 et
1263 3065 1419 3132 aequitatem,
1428 3071 1449 3110 et

416 3143 558 3194 connivere
569 3139 604 3192 ad
617 3141 738 3192 fraudes:
752 3140 823 3212 quod
839 3140 992 3210 intelligitur
1005 3160 1036 3193 ex
1051 3160 1097 3208 eo,
1112 3142 1184 3213 quod
1198 3146 1344 3215 imperator
1356 3160 1449 3213 recupe·

416 3237 517 3276 ratores
529 3223 656 3276 admonet
671 3242 774 3290 severe,
786 3241 820 3274 ne
835 3222 861 3273 id
875 3225 986 3275 iaciant:
999 3241 1086 3294 neque
1099 3223 1170 3276 aliud
1183 3243 1241 3278 esse
1254 3238 1349 3297 potest.
1362 3228 1421 3277 Nam
1430 3224 1449 3274 si
1535 3255 1537 3296 ᾖ

416 3304 514 3354 Prator
529 3303 574 3354 dat
589 3317 803 3374 recuperatores,
817 3301 844 3352 hi
858 3306 1008 3356 necessario
1019 3301 1150 3374 judicant.
1165 3307 1235 3374 Ergo
1248 3324 1304 3356 non
1319 3306 1400 3376 potuit
1412 3321 1449 3354 eas
1536 3339 1537 3342 κ

417 3380 503 3434 Caesar
515 3382 673 3450 admonere,
685 3400 718 3433 ne
731 3381 795 3432 tales
807 3399 914 3434 caussas
923 3398 1129 3452 cognoscerent:
1143 3382 1188 3435 sed
1199 3402 1232 3436 ne
1240 3386 1267 3434 in
1277 3386 1308 3436 iis
1320 3397 1405 3435 contra
1412 3384 1449 3450 jas
1535 3411 1537 3424 ‹

416 3459 450 3512 de
461 3461 590 3512 industria
602 3464 815 3534 pronuntiarent.
829 3462 1006 3533 Perfusoriam
1017 3480 1079 3514 vero
1091 3463 1219 3514 actionem
1226 3502 1235 3529 ,
1248 3461 1289 3514 vel
1301 3462 1448 3516 assertionem
1535 3503 1537 3536 4

415 3553 482 3612 puto
493 3560 548 3592 esse
558 3560 629 3609 earn,
640 3561 697 3609 quas
707 3543 735 3593 fit
747 3559 796 3613 per
805 3541 979 3609 calumniam,
990 3561 1042 3614 qua
1051 3544 1179 3595 innocens
1189 3555 1287 3614 prater
1295 3545 1338 3612 jus
1345 3556 1447 3595 vexatur.

416 3622 458 3674 Sic
473 3623 610 3674 manifeste
621 3619 683 3675 dicit
693 3623 801 3688 Cicero,
812 3641 862 3694 pro
873 3623 969 3687 Roscio
981 3623 1070 3674 Amor.
1086 3643 1110 3674 c.
1125 3641 1171 3692 29,
1183 3623 1338 3696 perfimdere
1346 3621 1447 3694 aliquem
1535 3639 1537 3666 t

406 3704 523 3776 judicio,
539 3703 614 3775 qnod
627 3703 664 3755 ibi
676 3703 740 3755 nihil
755 3703 827 3756 aliud
840 3718 895 3770 est,
909 3723 988 3775 quam
1003 3705 1080 3756 alicui
1093 3703 1226 3757 calumnia
1244 3706 1296 3756 litis
1315 3702 1446 3756 molestiam
1535 3725 1537 3760 t

415 3801 518 3845 creare,
537 3797 563 3834 et
578 3785 604 3834 in
621 3781 768 3853 periculum
784 3783 878 3859 capitis
896 3783 1043 3836 adducere:
1058 3803 1145 3856 neque
1159 3782 1215 3836 ullo
1232 3783 1312 3836 modo
1330 3781 1447 3834 audienda
1536 3801 1537 3806 ¹

413 3861 539 3914 alterutra
553 3864 735 3934 interpretatio
752 3863 857 3928 Graevii,
871 3864 947 3932 cnjus
964 3862 1101 3916 fluctuatio
1116 3863 1257 3915 manifesta
1268 3876 1316 3914 est.
1336 3863 1399 3912 Nam
1410 3861 1447 3912 Ci-

413 3961 474 3995 cero
485 3942 562 4007 dicit,
576 3945 695 4014 iniquum
708 3962 779 4010 esse,
795 3945 920 3996 Erucium
932 3963 960 3995 re
971 3963 1032 3996 vera
1045 3963 1171 3998 accusare
1183 3963 1243 4009 eos,
1257 3962 1272 3994 a
1287 3942 1377 4014 quibus
1388 3957 1443 3991 mer·
1535 3981 1537 4014 ,

399 4025 503 4088 ,cedern
517 4027 662 4095 acceperit,
677 4036 702 4076 et
714 4037 802 4076 tamen
811 4023 913 4095 judicio
927 4025 1105 4097 perfundere,
1120 4025 1146 4077 b.
1160 4045 1182 4077 e.
1195 4027 1224 4078 in
1235 4024 1362 4096 judicium
1373 4035 1396 4074 et
1407 4039 1443 4072 ea·
1536 4017 1537 4028 ¹

412 4106 475 4176 pitis
488 4105 634 4177 periculum
648 4108 704 4158 sine
716 4125 808 4158 caussa
821 4105 952 4158 adducere
963 4105 1115 4172 bominem,
1128 4125 1208 4176 quem
1220 4108 1383 4157 innocentem
1395 4119 1442 4152 esse
1535 4161 1537 4168 y

411 4183 498 4236 rideat
509 4200 535 4238 et
549 4186 648 4238 credat.
664 4189 731 4238 Hinc
746 4206 805 4258 ergo
821 4185 927 4238 ductam
943 4205 1001 4239 esse
1017 4199 1083 4258 puto
1095 4184 1267 4256 perfinors'am
1279 4185 1440 4244 assertionis,

414 4281 466 4334 qua
480 4264 603 4318 dominus
614 4268 701 4335 justus
722 4265 878 4333 adducitur,
897 4285 946 4337 per
960 4266 1118 4318 calumniam
1132 4265 1201 4330 litis,
1219 4278 1249 4316 nt
1263 4266 1353 4316 Cicero
1363 4271 1439 4324 vacat,
