3048 5142
543 548 685 614 NERO.
809 585 812 594 ,
1074 573 1137 618 201

99 673 202 744 xanda
213 678 397 770 quicquam
407 676 505 768 pensi
520 673 654 758 habuit,
673 675 880 754 summissis,
898 679 959 769 qui¹
977 689 1011 742 et
1024 680 1140 760 Romae

98 803 279 854 morantem
291 784 406 854 litibus
416 802 449 866 ²,
466 789 547 854 etin
563 779 697 854 secessu
713 788 940 880 quiescentem
952 806 1014 879 per
1024 771 1142 856 ‘eonvi-

18 911 21 924 '
99 898 144 964 cia
155 914 188 963 et
195 893 326 988 jocos³,
342 910 433 963 terra
443 897 596 990 marique
607 893 890 988 praetervehentes
902 898 1138 990 inquietarent.
1245 981 1248 990 Ι

99 1014 218 1075 Verum
235 1009 337 1074 minis
355 1003 429 1100 ejus
446 1030 486 1074 ac
503 1005 660 1074 violentia
678 1008 814 1074 territus
830 1006 972 1098 perdere
989 1005 1138 1079 4statuit.

100 1123 139 1187 Et
158 1144 263 1214 quum
286 1135 339 1187 ter
362 1118 520 1188 veneno⁵
543 1134 730 1201 tentasset,
754 1121 961 1214 sentiretque
982 1119 1141 1188 antidotis

99 1233 345 1325 praemunitam
365 1230 554 1315 lacunaria,
575 1255 650 1326 quae
670 1247 776 1300 noctu
794 1254 897 1324 super
919 1228 1141 1300 dormientem

99 1341 202 1410 laxata
211 1339 369 1410 machine
381 1339 589 1425 deciderent,
601 1340 741 1434 paravit.
756 1346 828 1408 Hoc
840 1339 979 1410 consilio
991 1366 1052 1434 per
1065 1366 1142 1411 con·

101 1456 179 1520 scios
195 1476 318 1546 parum
333 1451 458 1538 celato,
476 1451 646 1520 solutilem
658 1449 820 1534 navem⁶,
838 1449 934 1545 cujus
946 1451 1001 1520 vel
1013 1453 1143 1522 naufra-

102 1565 151 1656 gio
164 1562 216 1631 vel
233 1586 377 1632 camerae
393 1565 490 1631 ruina
507 1566 649 1656 periret,
666 1579 877 1632 commentus
894 1579 955 1630 est.
974 1569 1082 1659 Atque
1095 1567 1143 1632 ita

102 1673 363 1742 reconciliatione
378 1673 535 1742 simulata
544 1727 552 1758 ,
561 1671 815 1768 jucundissimis
834 1675 940 1742 literis
954 1678 1049 1743 Baias
1065 1700 1140 1746 evo·
1190 1762 1191 1765 Ἴ

102 1784 180 1850 eavit
201 1779 258 1864 ad,
271 1781 448 1852 sollemnia
466 1785 741 1880 Quinquatruum
756 1800 769 1848 7
792 1782 894 1851 simul
917 1781 1141 1870 celebranda3

103 1969 160 2022 tiens
175 1971 232 2042 ipse
248 1968 312 2022 illuc
330 1968 486 2038 ventitaret,
504 1984 596 2041 septus
641 1989 693 2042 que
707 1971 878 2042 impulsorem
891 1973 1015 2036 unicum,
1030 1969 1111 2043 idque
1125 1989 1142 2024 a

103 2047 171 2101 turba
182 2049 389 2116 Centurionum,
405 2061 432 2102 et
445 2062 506 2120 post
517 2049 595 2102 breve
640 2050 726 2121 dignis
747 2049 799 2102 lide
818 2049 907 2100 multis
927 2047 1053 2100 traditum
1074 2067 1141 2102 esse.

104 2127 212 2181 osculum
230 2129 414 2201 digrediens.»
434 2130 475 2183 cf.
493 2129 594 2202 Xiphil.
640 2129 767 2183 Senecam
781 2129 889 2180 crimine
908 2127 1020 2190 liberare
1034 2128 1142 2182 student

103 2206 162 2274 Ltt,
177 2208 201 2261 8.
219 2209 259 2260 De
273 2205 376 2280 duplici
386 2207 510 2260 custodia
521 2206 595 2260 mili·
639 2211 711 2281 Lips.
723 2223 749 2262 et
763 2210 878 2262 Gronov.
896 2208 931 2260 ad
944 2210 1028 2260 Tacit
1044 2209 1139 2261 Annal.

104 2287 594 2356 tnmproetorianorumetGennanosnm
638 2289 709 2354 XIV,
725 2307 754 2360 75
769 2287 853 2340 Graeci
864 2305 928 2340 vero
942 2288 1076 2358 scriptoris
1091 2307 1141 2340 au·
1172 2352 1173 2357 ¹

104 2364 153 2418 ride
163 2368 234 2437 lips.
247 2365 282 2418 ad
293 2367 378 2418 Tacit.
390 2365 408 2417 l.
420 2385 444 2419 c.
486 2397 490 2404 ·
640 2369 789 2420 ctoritatem
799 2367 912 2419 adstruit
920 2369 1033 2420 Reimar.
1044 2367 1078 2419 ad
1087 2367 1104 2419 l.
1116 2385 1140 2419 c.

135 2463 156 2496 a.
171 2447 221 2517 Qui
234 2457 260 2498 et
270 2447 367 2499 Rome.
376 2483 382 2496 .
391 2482 410 2497 ..
427 2444 528 2512 litibus,
543 2459 593 2501 ete.
638 2446 772 2499 Othonem
783 2444 863 2516 hujus
878 2447 956 2499 etiam
969 2445 1072 2498 consilii
1081 2464 1142 2520 par·

105 2523 226 2597 Videqtue
238 2525 321 2577 Tacit.
336 2542 395 2596 cap.
410 2525 595 2595 19,delum'a
639 2527 746 2595 ticipeni
767 2525 871 2591 fuisse,
897 2524 1012 2577 ostendit
1032 2521 1142 2593 No‘ster,

105 2602 201 2659 Silana.-
215 2603 299 2672 «Illa,
312 2623 358 2676 spe
370 2605 478 2658 ultionis
490 2604 594 2671 oblata,
638 2604 738 2658 Othon.
755 2623 814 2676 cap.
829 2606 855 2657 3.

73 2682 593 2754 'parataeeusatoresexclientihussuis,
675 2682 700 2736 5.
720 2686 756 2736 Et
771 2703 879 2756 quum...
895 2677 1007 2750 veneno,
1025 2684 1142 2737 etc.Ta-
1237 2683 1239 2688 ’

105 2763 202 2815 lmrinm
215 2775 242 2815 et
255 2762 416 2830 Calvisium,
432 2783 488 2815 non
507 2777 594 2815 vetera
638 2765 682 2814 cit.
695 2764 766 2830 xlv,
778 2764 809 2816 3:
826 2763 950 2815 sl'lacuit
959 2765 1047 2835 primo
1059 2761 1141 2815 sene-

107 2845 216 2913 areptus
220 2845 277 2914 jam
285 2842 374 2894 audita
380 2841 512 2910 deferens,
520 2841 594 2915 quod
638 2861 710 2894 num.
725 2842 777 2896 Sed
790 2846 859 2895 inter
868 2841 960 2914 epulas
975 2843 1103 2913 Principis
1117 2843 1140 2895 si

108 2921 233 2975 Britannici
260 2936 374 2975 mortem
399 2921 521 2992 lugeret,
549 2934 595 2974 aut
639 2921 756 2988 daretur,
768 2924 861 2975 referri
873 2923 907 2974 ad
919 2940 1009 2974 casum
1023 2939 1077 2972 non
1092 2940 1141 2992 po-

108 3000 207 3054 Octssie
213 3003 323 3072 injurias
335 3001 483 3073 evulgaret3
494 3000 541 3053 sed
551 3000 595 3053 de-
639 3016 721 3071 terat,
733 3003 779 3055 tali
790 3005 843 3073 jam
855 3001 999 3054 Britannici
1012 3001 1105 3062 exiti03
1115 3013 1141 3052 et

109 3081 594 3148 stimrisseeam,RubelliumPlautum,
638 3082 772 3134 ministros
789 3095 890 3133 tentare
907 3079 1020 3152 arduum
1033 3078 1141 3131 videba-

108 3176 149 3229 per
156 3173 295 3214 maternam
303 3158 430 3233 originem
439 3163 497 3233 pari
507 3180 538 3214 ac
544 3163 595 3213 Ne·
638 3173 683 3211 tur
694 3161 825 3228 mulieris,
841 3177 891 3211 usu
906 3157 1034 3211 scelerum
1048 3156 1141 3210 adver-

108 3239 217 3309 rogradu
227 3258 243 3291 a
256 3243 291 3291 D.
303 3241 441 3310 Augusto,
453 3239 538 3293 adres
549 3259 596 3292 no·
639 3257 683 3292 sus
703 3238 812 3291 insidias
830 3239 956 3299 intentae,
981 3246 1061 3304 atque
1082 3237 1142 3306 ipsa

31 3311 34 3318 ¹
107 3335 145 3370 ras
157 3318 293 3388 extollere,
305 3321 487 3391 conjugioque
499 3323 556 3390 ejus
568 3332 595 3373 et
638 3317 822 3391 presumendo
830 3315 1142 3368 remediamunieratcor·

105 3398 150 3467 jan
165 3401 270 3471 imperio
287 3398 431 3471 Rempubl.
447 3417 536 3452 rursus
554 3400 593 3451 ia·
639 3416 698 3470 pus.
710 3421 722 3445 n
736 3397 777 3449 ct.
790 3392 890 3468 Xiphil.
904 3393 920 3445 Ι.
936 3412 960 3444 c.

105 3475 199 3545 radere,
214 3492 288 3532 etc.»
592 3505 600 3516 ·
673 3477 700 3529 6.
719 3473 856 3528 Solutilem
869 3488 976 3534 navem,
990 3482 1040 3524 ete.
1054 3471 1143 3522 inven-

135 3555 358 3610 3.lltinsecessu·..
364 3574 441 3629 pen„
442 3558 531 3627 jocos,
541 3569 591 3608 etc.
639 3568 696 3608 tore
718 3554 774 3607 doli
794 3554 904 3606 Aniceto
925 3550 1041 3616 liberto,
1063 3549 1141 3602 classi

106 3632 279 3688 Tacitdunal.
288 3637 359 3699 XIV,
369 3634 400 3701 3,
413 3634 592 3686 alterutrare
638 3632 712 3707 apud
724 3634 856 3684 Misenum
867 3631 1009 3705 prefecto,
1023 3629 1082 3698 qui,
1094 3645 1141 3679 au-

106 3729 206 3770 secretos
224 3720 281 3789 ejus
300 3731 476 3786 congressus,
498 3712 591 3766 absce-
637 3727 696 3765 tore
703 3713 788 3763 Tacit.
796 3710 846 3762 l.c.
857 3727 970 3761 «navem
980 3725 1060 3779 posse
1069 3725 1141 3758 com·

106 3788 199 3846 dentem
215 3795 243 3845 in
263 3792 377 3859 hortos,
399 3803 445 3842 aut
463 3788 592 3842 Tuscula·
636 3792 703 3864 poni
712 3791 806 3857 docet,
816 3790 891 3859 cnjus
899 3805 973 3858 pars,
983 3789 1042 3858 ipso
1050 3788 1077 3836 in
1087 3803 1140 3838 ma·

106 3887 171 3940 nun,
182 3872 222 3926 rel
233 3873 367 3926 Antiatem
377 3873 405 3922 iu
417 3889 523 3943 agrum,
537 3870 592 3923 lau·
636 3873 660 3922 ri
681 3889 730 3941 per
751 3881 833 3921 artem
856 3866 964 3932 soluta,
989 3863 1140 3918 effunderet

106 3948 172 4018 dare,
188 3951 259 4025 quod
270 3953 356 4004 otium
372 3948 515 4002 lacesseret
529 3949 591 4019 (oa·
635 3947 785 4017 ignaram·
798 3944 863 3996 Vide
875 3941 975 4014 Xiphil.
988 3941 1006 3993 l.
1020 3960 1044 3993 c.

18 4049 20 4056 ’
105 4031 252 4100 pesteret.)»
672 4043 696 4096 7.
709 4023 753 4078 Ad
763 4024 903 4078 sollemnia
914 4023 1123 4095 Quinquatruum
1128 4057 1138 4086 ,

133 4107 156 4175 l.
173 4109 297 4162 Verum...
309 4109 416 4180 perdere
428 4107 524 4160 statuit.
542 4105 591 4157 Xi-
635 4118 685 4157 eto.
700 4106 784 4156 Tacit.
800 4105 873 4169 XIV,
893 4102 926 4168 4:
946 4100 1068 4152 ul'lacuit
1084 4097 1139 4150 sol-

104 4185 160 4258 pltil.
180 4191 250 4256 th,
273 4206 324 4257 12,
345 4189 472 4240 Senecam
492 4188 590 4238 Neroni
633 4184 723 4252 lertia,
739 4199 858 4256 tempore
873 4185 952 4235 etiam
963 4184 1036 4252 juta,
1052 4196 1136 4249 quan·

105 4268 205 4322 niminis
217 4267 297 4338 hujus
317 4278 454 4319 auctorem
469 4267 534 4319 facit
552 4278 590 4318 at·
634 4263 669 4315 do
678 4263 895 4333 Quinquatruum
903 4261 986 4312 festos
995 4257 1053 4310 dies
1063 4255 1138 4330 apud
