3076 5146
256 535 318 600 DE
342 533 563 600 ILLUSTR.
589 532 955 600 catillamenta.
1063 537 1128 619 435
1231 604 1233 607 .

50 696 51 703 κ
84 684 180 745 suus,
190 661 296 730 alium
307 662 572 729 Grammaticum
583 658 775 746 adhiberem
789 660 926 755 quando
937 687 1006 732 non
1020 675 1028 702 ¹
1036 681 1133 758 putat

84 779 126 859 is,
144 799 224 843 cum
240 772 433 843 adversario
449 773 491 841 de
506 769 585 866 jure
600 773 679 856 sibi,
697 773 755 842 sed
772 773 816 841 de
832 771 1036 861 solaecismis,
1053 801 1132 846 con·

83 888 280 956 troversiam
296 885 481 952 futuram.»
499 887 561 952 Hic
571 884 680 967 idem,
694 907 802 978 quum
813 909 855 953 ex
869 889 1022 955 oratione
1035 888 1134 958 Tibe·

83 1000 169 1066 rium
178 995 469 1092 reprehendisset,
480 995 671 1064 affirmante
681 998 789 1064 Atteio
798 1000 976 1089 Capitone,
994 1029 1007 1058 ιι
1020 1015 1134 1069 ateste

83 1106 164 1176 illud
176 1111 353 1190 Latinum,
364 1123 415 1192 et,
427 1109 454 1176 si
466 1131 536 1175 non
548 1124 652 1192 esset,
665 1107 819 1174 futurum
831 1125 920 1177 certe
927 1107 999 1202 jam
1007 1111 1102 1180 iude:
1116 1141 1131 1174 s

87 1221 294 1302 «Mentitur,
307 1252 320 1282 a
334 1222 460 1316 inquit,
477 1221 629 1312 «Capito.
644 1224 698 1286 'Pu
711 1221 817 1302 enim,
828 1223 954 1301 Cacsar,
968 1223 1134 1292 civitatem

83 1330 160 1400 dare
173 1350 272 1424 potes
290 1332 503 1414 hominibus,
520 1331 626 1398 verbo
644 1354 714 1398 non
728 1347 862 1423 potes.»
886 1333 1037 1424 Pugilem
1053 1334 1134 1403 olim

82 1442 198 1526 luisse,
219 1445 351 1510 Asinius
363 1441 480 1511 Gallus
495 1442 560 1510 hoc
574 1445 609 1508 in
623 1465 702 1510 eum
718 1445 959 1534 epigrammate
971 1441 1133 1514 ostendit:

158 1603 224 1682 Qui
236 1619 329 1686 caput
342 1603 380 1663 ad
394 1603 506 1664 laevam
520 1602 662 1678 didicit²‚
675 1601 859 1685 glossemata
872 1605 964 1665 nobis

200 1703 363 1786 Praecipit:
380 1723 413 1763 os
428 1701 567 1778 nullum,
581 1701 630 1762 vel
642 1702 746 1783 potius
759 1701 890 1784 pugilis!

125 1876 249 1940 XXlll.
261 1874 419 1940 Rauutus
432 1875 614 1952 Pitanos,
626 1873 823 1938 vicentinus
834 1923 844 1952 ,
856 1871 1006 1942 mulieris
1016 1897 1136 1956 verna,

82 1985 211 2075 primo,
225 1997 264 2050 ut
276 1981 410 2063 ferunt,
425 1983 629 2064 textrinum,
642 1979 766 2048 deinde
780 1979 920 2049 herilem
934 1981 1041 2051 filium
1053 1985 1136 2056 dum

82 2097 260 2164 comitatur
269 2096 305 2161 in
319 2091 469 2177 scholas,
481 2091 596 2162 literas
611 2087 746 2160 didicit:
760 2109 877 2184 postea
889 2099 1136 2176 manumissus,

75 2198 195 2276 'docuit
206 2211 322 2276 Romae
333 2231 340 2271 ε
353 2229 394 2274 ac
406 2207 594 2299 principem
606 2204 720 2274 locum
733 2206 821 2272 inter
832 2209 1077 2284 Grammaticos
1090 2227 1136 2277 te·

82 2320 167 2402 nuit,
182 2341 392 2414 quamquam
404 2317 539 2386 infamis
553 2315 711 2384 omnibus
725 2318 829 2400 vitiis,
842 2314 1023 2412 palamque
1035 2337 1068 2386 et
1079 2323 1136 2387 Ti·

81 2427 189 2512 berio,
205 2444 240 2495 et
252 2452 332 2496 mox
345 2425 502 2508 Claudio,
516 2423 796 2518 praedicantibus,
812 2427 938 2494 nemini
954 2429 1068 2530 minus
1082 2432 1134 2498 in·

81 2542 289 2609 stitutionem
304 2562 490 2633 puerorum
506 2538 559 2606 vel
572 2536 739 2630 juvenum
757 2539 1053 2610 committendam:
1074 2542 1134 2611 sed

80 2653 234 2746 capiebat
251 2651 405 2721 homines
424 2674 531 2744 quum
549 2653 712 2718 memoria
731 2673 863 2733 rerum,
884 2667 957 2738 tum
976 2652 1133 2722 facilitate

82 2766 262 2834 sermonis:
279 2785 425 2831 necnon
440 2777 597 2855 poemata
611 2761 754 2832 faciebat
765 2786 806 2830 ex
819 2779 982 2855 tempore.
996 2767 1134 2858 Scripsit

76 2883 113 2942 'et
122 2877 243 2956 variis,
259 2898 321 2942 nec
334 2872 530 2966 vulgaribus
541 2874 667 2973 metris.
685 2877 882 2967 arrogantia
896 2875 960 2941 fuit
970 2891 1077 2959 tanta,
1094 2892 1133 2944 ut

81 2991 236 3054 Marcum
246 2991 435 3052 Varronem
444 3009 573 3078 porcum
584 2983 788 3076 appellaret,
801 3007 918 3052 secum
929 3002 963 3052 et
974 3001 1084 3070 natas,
1098 3005 1132 3055 et

81 3100 260 3164 morituras
271 3094 398 3178 literas,
407 3091 564 3187 jactaret:
575 3117 700 3162 nomen
713 3119 812 3162 snum
824 3097 859 3160 in
869 3094 1047 3162 Bucolicis¹
1059 3119 1130 3166 non

81 3224 205 3276 temere
223 3210 387 3301 positum,
406 3205 465 3274 sed
482 3207 701 3298 praesagiente
717 3203 874 3298 Virgilio,
892 3206 962 3274 fore
978 3205 1130 3301 quando·

81 3343 145 3414 que
164 3323 319 3386 omnium
336 3333 512 3412 poetarum
527 3341 570 3385 ‘ac
589 3333 783 3410 poematum
801 3315 1027 3385 Palaemonem
1041 3315 1130 3410 judi·
1203 3387 1207 3396 ,

81 3453 162 3497 cem.
186 3428 400 3497 Gloriabatur
420 3431 537 3510 etiam,
555 3427 702 3496 latrones
721 3425 894 3522 quondam
909 3427 972 3496 sibi
990 3445 1129 3522 propter

81 3542 226 3610 nominis
244 3539 471 3610 celebritatem
493 3541 650 3632 paraisse.
673 3541 831 3606 Luxuriae
850 3541 897 3605 ita
914 3537 1068 3624 indulsit,
1090 3555 1129 3608 ut

113 3778 196 3829 XXII.
210 3793 232 3830 1.
245 3775 356 3848 Quando
366 3787 518 3848 conputat,
530 3790 580 3828 etc.
626 3777 670 3829 cni
690 3777 838 3847 opponitur
858 3773 991 3846 Principii.
1012 3773 1127 3827 Wolbut

81 3857 215 3910 Transitus
234 3857 268 3909 ab
285 3858 404 3909 oratioue
424 3854 532 3928 obliqua
547 3855 581 3907 ad
626 3869 714 3907 tamen
727 3856 834 3926 praelert
844 3854 922 3907 deicit
934 3853 976 3906 vel
985 3856 1056 3908 reicit
1065 3853 1126 3928 (pro
1168 3859 1170 3865 '

83 3953 178 3992 rectam
192 3939 248 3990 fero
261 3939 378 3990 Graecus.
625 3935 731 4008 dejicit,
751 3934 857 4006 rejicit).
879 3935 912 3986 Os
929 3933 1035 3985 nullum
1057 3935 1127 3987 idem

116 4033 138 4067 π.
161 4017 215 4086 Qui
230 4026 311 4088 caput
322 4015 358 4067 ad
375 4014 466 4067 lovum
481 4013 579 4065 didicit.
624 4011 1128 4085 interpretaturiuditertum,quoduni-

82 4096 239 4168 Praeeeptum
249 4097 330 4147 luisse
341 4094 445 4148 videtur
454 4092 580 4164 gladiato·
626 4113 655 4146 ce
668 4113 767 4145 verum.

82 4175 146 4226 rium
164 4185 242 4248 caput
259 4175 295 4226 ad
312 4174 421 4238 luvam,
441 4171 513 4244 qnod
531 4191 580 4223 nos
659 4173 753 4224 XXlll.
781 4189 802 4222 1.
820 4171 854 4221 lu
869 4167 997 4222 Bucolicis
1005 4168 1127 4241 ;Ecloga

81 4255 242 4324 ignoramus,
258 4254 330 4308 uncle
348 4253 457 4307 verbum
474 4253 581 4320 didicit,
625 4251 710 4304 tertia.

931 4340 984 4403 28.
1069 4343 1076 4356 '
