3068 5144
415 527 746 594 vaspasrauus.
1041 526 1109 618 359

70 675 162 746 quum
189 675 293 744 super
315 667 492 743 urgentem
512 650 964 722 valetudinemcreberrimo
980 652 1109 746 frigidae

69 789 152 859 aquae
165 763 253 834 usu³
272 767 373 832 etiam
387 767 543 833 intestina
558 766 720 846 vitiasset,
736 789 799 834 nec
813 790 853 834 eo
867 768 980 834 minus
993 789 1111 834 mune-

69 873 147 942 ribus
167 877 392 968 imperatoriis
408 900 449 943 ex
465 876 708 944 consuetudine
728 877 939 970 fungeretur,
956 895 993 944 ut
1010 880 1111 944 etiam
1207 919 1209 926 ·

33 1077 36 1085 1
69 984 241 1077 legationes
262 982 396 1052 audiret
412 985 557 1068 cubans,
576 984 652 1054 alvo
674 1003 811 1079 repente
831 987 1001 1082 usquead
1020 987 1112 1056 defe-

69 1097 204 1161 ctionem
226 1093 353 1177 soluta‚
385 1099 699 1188 “Imperatorema
731 1101 792 1179 ait,
826 1113 997 1165 «stantem
1024 1101 1112 1167 mori

70 1204 247 1298 oporterel.
262 1237 276 1266 ν
296 1211 453 1301 Dumque
473 1209 663 1298 consurgit,
682 1210 871 1290 annititur,
886 1213 974 1277 inter
988 1233 1110 1278 manus

70 1314 309 1383 subleuantium
328 1319 511 1384 exstinctus
530 1335 597 1399 est,
616 1321 662 1384 tx
679 1317 846 1386 Kalendas
866 1318 964 1402 Julii,
982 1343 1112 1386 annum

71 1428 200 1517 gerens⁵
218 1431 325 1494 aetatis
344 1431 589 1520 sexagesimum
606 1452 645 1496 ac
663 1453 811 1514 nonum,
832 1454 1001 1525 superque
1019 1455 1113 1500 men·

71 1559 131 1602 sem
143 1560 185 1602 ac
201 1535 291 1602 diem
306 1540 497 1628 septimum.

109 1651 210 1714 XXV.
235 1651 401 1715 Convenit
413 1651 501 1715 inter
516 1673 651 1730 omnes,
668 1666 735 1716 tam
754 1667 884 1718 certum
901 1676 979 1719 eum
994 1651 1036 1720 de
1053 1676 1115 1720 sua

71 1779 272 1853 suorumque
290 1762 445 1849 genitura
465 1783 598 1852 semper
617 1760 738 1842 fuisse,
760 1777 799 1827 ut
817 1777 894 1854 post
911 1759 1064 1830 assiduas
1080 1765 1114 1830 in

72 1891 102 1935 se
116 1866 366 1961 conjurationes
385 1895 487 1938 ausus
504 1875 547 1939 sit
561 1871 729 1939 affirmare
746 1876 902 1954 Senatui,
926 1889 1012 1940 aaut
1029 1873 1114 1941 filios

72 1967 125 2043 sili
144 2003 381 2063 successum,
401 1999 460 2048 aut
477 1986 646 2049 neminem
659 1993 707 2050 ’.η
729 1985 857 2050 Dicitur
875 1987 975 2050 etiam
992 1984 1115 2051 vidisse

73 2087 237 2180 quondam
255 2114 317 2183 per
331 2093 479 2184 quietem
499 2107 657 2158 stateram
672 2095 708 2158 in
724 2092 834 2160 media
850 2109 945 2185 parte
960 2093 1117 2161 vestibuli

27 2201 30 2206 ’
74 2198 223 2266 Palatinae
238 2199 362 2268 domus
376 2204 518 2292 positam
536 2205 689 2269 examine
706 2226 821 2296 aequo;
840 2227 946 2298 qaum
961 2206 995 2270 in
1012 2203 1117 2271 altera

73 2305 161 2376 lance
182 2308 343 2378 Claudius
369 2329 402 2378 et
424 2317 513 2378 Nero
538 2329 680 2394 starent,
704 2315 738 2379 in
761 2312 866 2380 altera
888 2317 960 2406 ipse
983 2338 1023 2381 ac
1044 2314 1114 2381 filii.

103 2548 126 2600 3.
145 2549 416 2622 Creberrimofripc'doe
425 2541 500 2622 aquic
510 2570 566 2604 uste.
613 2571 671 2624 cup.
686 2554 731 2624 a),
742 2566 863 2605 mortuus
877 2551 921 2604 die
935 2552 968 2604 23
979 2556 1041 2605 Jun.
1054 2573 1115 2607 ann.

74 2625 133 2679 Plio.
147 2630 178 2680 tl.
193 2629 228 2678 N.
240 2629 341 2694 XXXI,
358 2646 388 2681 a:
405 2629 526 2682 :Cutilia
540 2632 567 2681 in
613 2631 674 2683 832.
689 2629 770 2698 Quod
782 2633 852 2682 enim
866 2631 977 2702 Eutrop.
992 2633 1053 2698 Vll,
1071 2634 1116 2698 13,

72 2703 165 2758 Sabinis
177 2705 344 2781 gelidissimae
358 2721 435 2760 suctu
453 2709 568 2780 quodam
616 2729 735 2762 nannum
749 2713 831 2762 aetatis
843 2729 922 2785 agens
932 2714 1116 2785 sexagesimum
1153 2749 1156 2754 -

3 2797 4 2802 ’
73 2803 176 2856 corpora
185 2784 326 2852 invadunt,
336 2799 365 2839 ut
371 2806 457 2859 prope
466 2806 570 2857 morsus
614 2808 727 2854 nonum,
737 2812 748 2836 n
759 2802 786 2840 et
795 2789 884 2840 Aurel.
893 2790 994 2840 Victor.
1006 2790 1075 2860 Epit.
1087 2812 1118 2865 9,

74 2862 148 2916 rideri
157 2869 256 2936 possit,
265 2867 406 2937 aptissima·
416 2867 566 2928 stomacho,
615 2889 626 2913 a
636 2884 734 2918 anuum
744 2884 822 2937 agens
832 2867 890 2917 vita
898 2868 994 2939 absque
1003 2886 1119 2938 urrosep·

73 2947 164 3011 nereis,
176 2947 300 2998 universo
313 2947 450 3016 corpori.»
467 2948 508 2999 Cf.
523 2949 569 2998 Vi·
613 2944 798 3017 trapessacum,
809 2969 820 2992 ι
832 2944 861 2996 id
870 2943 1064 2998 obfutilitatem
1071 2945 1134 2997 ho-·

75 3036 135 3076 trur.
146 3026 218 3092 Vlll,
233 3025 258 3077 3.
612 3025 840 3095 cumscriptorum
849 3024 1119 3096 nullamqueincom·

106 3109 129 3170 4.
146 3106 361 3176 Imperatorem...
377 3115 487 3157 stantem
501 3107 569 3157 mori
612 3101 738 3174 putandis
747 3104 822 3154 annis
833 3101 995 3172 diligentiam
1007 3123 1062 3156 non
1075 3123 1118 3156 cu-

74 3195 189 3252 oportere.
199 3185 239 3237 Cf.
250 3183 351 3255 Xiphil.
361 3182 379 3234 l.
391 3201 414 3235 c.
425 3183 514 3235 Aurel.
524 3185 568 3234 Vi·
613 3181 734 3234 randum.
747 3181 846 3256 Xiphil.
859 3181 876 3233 l.
889 3201 912 3233 c.
926 3201 1027 3234 nonum
1038 3202 1069 3234 ac
1081 3201 1119 3236 se·

76 3273 136 3328 utor,
147 3264 215 3335 Epit.
227 3281 259 3333 9,
272 3286 284 3309 ι
294 3260 395 3314 Deinde
405 3263 502 3314 ventris
512 3261 570 3314 elu—
613 3264 774 3332 xagesimum
782 3280 880 3313 annum
890 3260 968 3329 dicit,
978 3281 1038 3314 cum
1049 3283 1119 3317 meu·

75 3342 217 3411 defessus,
230 3356 258 3395 et
270 3359 425 3414 assurgens,
436 3341 569 3408 Stantem,
613 3341 679 3394 sibus
695 3352 761 3393 octo.
777 3342 893 3394 Zonaras
907 3352 969 3393 octo
984 3343 1118 3396 mensibus

77 3423 122 3486 ait,
139 3425 326 3495 Imperatorem
346 3419 473 3473 excedere
494 3423 569 3474 terris
615 3421 670 3472 dies
684 3422 762 3471 etiam
774 3432 835 3471 octo
848 3439 896 3491 per
909 3439 1024 3473 errorem
1036 3422 1118 3475 addit.

77 3501 173 3558 decet·
614 3500 691 3552 Conf.
705 3499 883 3571 Oudendorp.
899 3513 925 3553 et
937 3503 1052 3554 Reirnar.
1065 3507 1119 3556 suis

110 3580 570 3656 5.Annumgerens.dl.u9eus‚quod
615 3580 689 3632 locis.

78 3662 169 3714 Emest.
183 3664 285 3732 recepit
298 3678 360 3712 cum
373 3660 439 3712 aliis.
455 3661 569 3713 Servari-
649 3661 733 3712 XXV.
756 3678 778 3712 t.
797 3660 852 3712 Aut
857 3659 960 3733 filios...
976 3674 1023 3714 aut
1035 3667 1120 3716 nemi-

78 3757 128 3792 mus
143 3741 206 3793 illud
224 3759 285 3793 cum
301 3741 388 3792 Runa.
406 3751 432 3791 et
446 3738 569 3792 Oudend.
615 3739 862 3810 nemssEutropdm.
876 3739 1119 3794 «Genituramlilio

79 3837 137 3890 qous
149 3820 222 3888 vide,
237 3822 380 3885 utrarios,
398 3832 424 3871 et
439 3819 513 3892 quod
527 3838 569 3871 se·
616 3837 673 3871 rum
681 3819 718 3870 ita
726 3819 858 3890 cognitam
869 3817 975 3886 habuit,
986 3834 1119 3892 ut,quum

80 3903 178 3968 quentia
186 3899 389 3973 superque(hoc
400 3911 489 3966 est,et
497 3901 571 3951 insu·
615 3899 702 3952 multae
723 3913 817 3951 contra
838 3918 898 3951 eum
922 3903 1119 3969 conjurationes

78 3979 572 4050 per)mensemacdt'emseptimumver·
616 3979 1120 4050 fierent,quaspatelactasingentidis·

81 4057 190 4132 buuqeas
197 4062 283 4112 minus
294 4061 461 4112 conveniunt.
473 4057 573 4132 Agebat
617 4057 784 4111 simulatione
804 4059 957 4124 contemsit,
975 4059 1004 4107 in
1021 4057 1120 4113 Senatu

81 4138 245 4191 animaruum
254 4134 571 4211 septuagesimum,natus
617 4137 725 4204 dixerit,
743 4148 791 4189 aut
800 4134 876 4210 filios
891 4137 938 4188 sibi
953 4155 1119 4206 successurus,
1186 4161 1191 4169 ·

82 4212 119 4267 die
138 4218 326 4288 17rt0vemhr.
347 4235 407 4270 aun.
429 4217 478 4288 762
498 4215 571 4286 (vide
617 4219 835 4272 outncmiuem.n
852 4215 1003 4288 Confiquoe
1018 4221 1120 4291 Vespa·
1155 4229 1158 4244 '
