3068 5144
381 587 449 670 294
755 579 791 641 C.
816 575 1049 646 SUETONll

380 705 586 798 coeptabant,
603 707 726 798 corripi
745 708 841 797 quasi
856 703 1060 786 desertores,
1079 700 1289 796 detinerique
1305 705 1424 784 sensit,

385 815 627 909 «Adjiciamus,
641 849 654 876 n
670 818 797 911 inquit,
816 819 915 882 avitae
930 837 964 882 et
977 814 1066 882 hanc
1079 831 1212 882 noctem
1222 845 1255 896 ,n
1275 813 1329 880 his
1346 815 1424 904 ipsis

379 929 584 1022 totidemque
604 927 736 996 verbis:
757 930 945 1020 vetuitque,
965 929 1032 994 vim
1044 929 1206 1018 cuiquam
1225 925 1320 1008 fieri,
1342 941 1373 990 et
1392 928 1423 990 ia

380 1063 493 1108 serum
508 1064 615 1134 usque
631 1056 766 1132 patente
785 1037 959 1120 cubiculo,
979 1039 1007 1104 si
1026 1039 1102 1129 quis
1116 1035 1208 1102 adire
1227 1035 1352 1117 vellet,
1369 1058 1425 1126 po·

378 1167 533 1220 testatem
554 1154 606 1218 sui
627 1149 778 1243 praebuit.
805 1154 883 1216 Post
904 1147 968 1215 hoc
987 1146 1100 1214 sedata
1119 1148 1172 1212 siti
1192 1145 1312 1237 gelidae
1330 1169 1425 1240 aquae

378 1265 555 1354 potione²,
571 1264 713 1354 arripuit
726 1261 811 1328 duos
824 1261 1005 1352 pugiones,
1019 1275 1053 1326 et
1066 1256 1236 1350 explorata
1248 1260 1426 1350 utriusque

378 1374 465 1452 acie,
482 1395 585 1464 quum
597 1370 740 1438 alterum
755 1368 895 1464 pulvino
907 1366 1128 1460 subdidisset,
1144 1365 1272 1434 foribus
1287 1364 1428 1460 adoper·

280 1549 282 1554 ,
379 1483 420 1547 tis
433 1483 599 1548 artissimo
614 1505 731 1548 somno
749 1480 906 1574 qui'evit3.
928 1484 970 1547 Et
988 1481 1077 1547 circa
1092 1477 1203 1545 lucem
1217 1477 1360 1546 demum
1375 1503 1428 1546 ex·

379 1590 607 1682 pergeremus,
620 1613 689 1656 uno
701 1612 737 1656 se
751 1586 881 1681 trajecit
899 1591 965 1656 ictu
983 1588 1070 1656 infra
1086 1587 1207 1656 laevam
1220 1587 1235 1646 1
1242 1588 1425 1681 papillam:

378 1699 709 1794 irrumpentibusque
731 1699 774 1768 ad
794 1701 943 1798 primum
966 1700 1145 1790 gemitum,
1169 1695 1270 1766 modo
1290 1696 1427 1780 celans,

378 1810 480 1876 modo
504 1809 662 1902 detegens
686 1808 844 1902 plagam,
874 1809 1084 1876 exanimatus
1114 1821 1186 1887 est,
1215 1824 1249 1873 et
1274 1805 1428 1874 celeriter

380 1923 475 2004 (nam
498 1920 543 1985 ita
567 1915 789 2014 praeceperat)
817 1918 1033 1998 funeratust,
1058 1918 1226 1983 tricesimo
1251 1933 1286 1983 et
1310 1932 1428 1984 octavo

380 2181 418 2244 vi,
432 2198 510 2250 quem
523 2177 612 2232 clausa
623 2180 702 2232 domo
713 2177 879 2231 obsidebant.
925 2178 1016 2227 rietate
1029 2174 1073 2225 alii
1085 2187 1154 2225 nost.
1170 2172 1230 2223 loco
1246 2170 1372 2224 exhibent
1381 2173 1428 2224 ad-

379 2258 516 2328 lncrepitis
540 2257 675 2311 seditionis
705 2257 878 2324 auctoribus,
925 2256 1027 2328 apertis.
1037 2253 1213 2305 vindicarunt
1224 2253 1328 2304 Ernest.
1340 2266 1364 2303 ct
1375 2255 1426 2304 Ou-

378 2354 512 2405 regressus
526 2341 628 2389 vacavit
645 2337 799 2390 adeuntium
816 2337 881 2389 allo·
925 2335 1055 2408 dendorp.
1065 2333 1207 2406 adopertis,
1219 2331 1366 2385 Codicibus
1376 2334 1426 2386 rei-

381 2415 464 2484 quiis,
486 2413 570 2467 donec
591 2435 682 2469 ornnes
705 2416 823 2467 inviolati
844 2414 882 2466 di·
926 2436 978 2488 que
990 2419 1093 2469 ratione
1105 2416 1167 2466 satis
1177 2414 1373 2466 confirmatum.

379 2491 560 2562 graderentur.
569 2518 580 2542 a
590 2495 666 2546 Couf.
678 2494 810 2546 Plutarch.
819 2513 877 2566 cap.
960 2494 985 2560 4.
999 2495 1033 2546 Et
1045 2495 1112 2545 circe
1124 2493 1237 2544 lucem...
1247 2493 1319 2564 infre
1333 2491 1425 2545 lienam

383 2571 423 2622 16.
443 2575 493 2623 Pro
514 2575 674 2644 coeptobant,
694 2574 728 2624 al.
747 2573 815 2624 male
834 2593 879 2625 ca·
922 2571 1064 2644 papillam.
1083 2573 1166 2622 Tacit.
1188 2573 1280 2624 «Luce
1300 2573 1386 2642 prima
1400 2573 1428 2623 iu

379 2651 496 2720 ptabant.
925 2654 1021 2704 ferrum
1035 2663 1142 2722 pectore
1152 2650 1280 2702 incubuit.
1294 2650 1337 2703 Ad
1347 2651 1427 2722 gemi-

418 2747 441 2779 2.
457 2731 519 2781 Post
531 2729 578 2780 linc
587 2731 673 2784 sedata
681 2733 751 2784 siti...
762 2733 878 2802 potione.

380 2807 463 2859 Tacit.
486 2807 711 2879 «vesperascente
730 2809 788 2874 die,
810 2813 880 2862 sitirn

379 2887 476 2941 liaustu
490 2888 581 2961 gelidae
600 2909 673 2964 aqure
692 2890 822 2943 sedatius
837 2893 879 2945 cf.

379 2969 514 3021 Plutarch.
530 2990 553 3023 c.
570 2989 609 3041 17.

416 3047 441 3100 3.
460 3049 616 3121 Arripuit...
631 3062 693 3103 et....
710 3053 815 3124 quieuit.
828 3055 880 3106 Ta-

379 3131 424 3182 cit.
442 3129 530 3180 «Tum
543 3129 627 3182 allatis
638 3131 799 3202 pugionibus
812 3131 880 3185 duo-

379 3206 443 3272 bus,
455 3227 535 3280 quum
546 3225 687 3283 utrumque
696 3225 879 3284 permutasset,

380 3284 492 3337 alterum
505 3291 585 3361 capiti
599 3290 732 3342 subdiditt
748 3306 774 3343 et
786 3292 879 3366 explo-

379 3377 436 3413 rato
447 3403 455 3430 ,
466 3365 521 3434 jam
542 3367 675 3436 profectos
693 3370 811 3434 amicos,
830 3389 880 3422 no·

380 3453 448 3490 ctem
470 3443 599 3513 quietam,
621 3459 702 3516 utque
722 3447 880 3516 affirmatur,

380 3537 435 3571 non
449 3521 612 3586 insomnem,
632 3527 714 3593 egit.»
736 3525 761 3576 Si
777 3527 880 3580 Plutar-

381 3597 432 3648 cho
444 3596 523 3664 tides,
538 3600 628 3651 «intro
641 3604 740 3653 vocatis
751 3603 879 3655 domesti-

380 3679 432 3741 cis,
451 3679 591 3747 pecuniam
609 3698 658 3750 pro
677 3683 775 3732 meritis
795 3681 879 3734 distri·

380 3754 439 3807 buit
449 3755 523 3826 (vide
535 3775 593 3828 cap.
610 3775 654 3825 10,
667 3759 736 3830 fin).
751 3762 833 3826 Hinc,
843 3759 880 3812 di-

380 3837 466 3889 missit
488 3836 625 3903 omnibus,
647 3839 741 3892 clausis
762 3841 879 3910 foribus,

379 3928 450 3966 arcte
469 3913 607 3984 dormivit,
626 3919 662 3968 ita
681 3930 711 3970 ut
726 3921 880 3973 cubicularii

373 3995 476 4065 foribus
496 3995 623 4048 adstantes
640 4008 784 4051 stertentem
804 4001 879 4052 audl-

380 4075 470 4127 verlut.
481 4099 492 4123 n
505 4073 585 4142 Vide,
597 4095 675 4147 quam
686 4081 877 4130 caute'l'acitus

378 4151 411 4202 de
430 4174 523 4205 somno
544 4170 689 4224 memoret,
708 4172 877 4230 comparatus

329 4297 335 4303 Ι
379 4249 437 4281 cum
448 4233 564 4306 reliquis.
574 4237 710 4304 Ceterum,
720 4239 823 4291 solenni
834 4259 877 4291 va·

926 2747 980 2784 tutu
995 2734 1129 2784 morientis
1142 2733 1255 2801 ingressi
1268 2731 1358 2784 liberti
1371 2752 1427 2785 ser-

924 2815 1001 2885 vique
1020 2825 1045 2864 et
1060 2812 1159 2864 Plotius
1175 2811 1292 2878 Firmus,
1309 2815 1428 2865 Praetorii

924 2893 1073 2957 Praefectus,
1079 2909 1160 2942 uuum
1168 2892 1263 2944 vulnus
1271 2895 1404 2946 invenere.
1413 2917 1424 2941 ι

924 2971 1000 3024 conf.
1016 2969 1150 3022 Plutarch.

960 3051 985 3103 5.
1004 3053 1041 3104 Et
1058 3051 1200 3104 celeriter...
1210 3049 1360 3122 firneretus.
1375 3051 1428 3104 Ta·

925 3131 968 3180 cit.
986 3129 1096 3181 «Funus
1114 3141 1288 3181 maturatum:
1305 3129 1428 3184 ambitio·

924 3209 959 3260 sis
971 3207 997 3259 id
1010 3207 1134 3279 precibus
1146 3211 1276 3280 petierat,
1288 3229 1321 3261 ne
1336 3229 1429 3283 ampu-

925 3299 1023 3338 taretur
1044 3300 1140 3360 caput,
1159 3285 1277 3340 ludibrio
1295 3290 1428 3342 futurum.

924 3367 1020 3423 Tulere.
1034 3387 1132 3439 eorpus
1148 3369 1274 3440 pretoriae
1286 3368 1429 3439 cohortes,

924 3463 985 3497 cum
999 3444 1123 3498 laudibus
1140 3460 1164 3497 et
1180 3445 1311 3516 lacrimis,
1329 3449 1428 3502 vulnus

924 3545 1073 3597 manusque
1086 3528 1141 3596 ejus
1156 3524 1369 3578 exosculantes„
1384 3527 1427 3579 Cf.

924 3604 1055 3658 Plutarch.
1068 3609 1127 3680 qui,
1140 3625 1163 3657 c.
1182 3606 1225 3674 18,
1238 3606 1333 3660 vidisse
1345 3626 1373 3662 se
1388 3605 1430 3658 di·

925 3686 959 3736 cit
974 3686 1084 3738 Brixelli
1098 3701 1300 3738 monumentum
1312 3685 1429 3742 Othonis

924 3765 1075 3831 mediocre,
1097 3767 1272 3838 inscriptum,
1291 3767 1430 3820 Memoria

923 3843 1009 3894 Marci
1021 3843 1138 3896 Othonis.
1150 3843 1233 3896 Nihili
1242 3845 1324 3916 igitur
1333 3860 1387 3910 est,
1398 3858 1429 3897 ut

924 3921 1023 3974 dudum
1039 3941 1165 3976 censuere
1183 3925 1233 3977 viri
1246 3924 1335 3992 docti,
1354 3926 1429 3998 quod

924 4001 984 4052 loco
1002 4015 1072 4054 nost.
1089 4003 1134 4054 alii
1153 4003 1255 4056 addunt
1268 4007 1341 4076 apud
1355 4006 1429 4060 cutt-

923 4094 1039 4146 ternum‚
1054 4082 1095 4134 vel
1110 4083 1300 4154 Culciternam,
1315 4085 1357 4138 vel
1375 4085 1409 4138 V
1405 4106 1429 4138 e·
1514 4081 1519 4092 '

922 4159 1061 4225 liternum,
1078 4177 1127 4213 etc.
1146 4182 1176 4214 ex
1193 4183 1246 4234 quo
1266 4165 1360 4234 fuere,
1380 4169 1428 4240 qui

922 4241 1040 4310 facerent
1051 4261 1082 4292 ac
1092 4261 1172 4313 parvo
1184 4243 1264 4296 cultu.
