3066 5148
325 577 363 620 12
697 554 732 618 C.
760 555 996 622 SUETONII

319 679 543 772 manipulario
558 675 676 744 habitu
691 679 779 744 inter
793 676 916 744 milites
932 676 1149 745 educabatur.
1166 676 1264 770 Apud
1281 703 1368 773 quos

319 805 485 884 quantum
497 805 662 881 praeteraa
676 811 738 880 per
753 787 842 854 hanc
858 791 1141 857 nutrimentorum
1155 789 1369 858 consuetudi-

319 924 399 967 nem
421 921 535 968 amore
560 915 594 966 et
616 902 722 990 gratia
744 897 906 980 valuerit,
933 903 1077 968 maxime
1103 903 1275 992 cognitum
1298 916 1367 985 est,

320 1035 426 1106 quum
443 1027 521 1104 post
539 1033 714 1078 excessum
731 1013 873 1102 Augusti
891 1010 1154 1093 tumultuantes,
1173 1014 1260 1078 etin
1278 1011 1370 1080 furo·

319 1145 392 1189 ram
410 1145 518 1216 usque
537 1123 742 1214 praecipites,
762 1119 854 1188 solus
874 1118 966 1188 haud
985 1118 1086 1191 dubie
1105 1138 1289 1213 conspectu
1306 1141 1370 1188 suo

320 1232 421 1302 flexit.
436 1239 512 1300 Non
524 1235 614 1300 enim
626 1235 719 1325 prius
731 1230 947 1316 destiterunt,
961 1257 1064 1327 quam
1076 1232 1224 1325 ablegari
1235 1257 1314 1301 eum
1326 1231 1370 1299 ob

319 1344 491 1413 seditionis
507 1337 714 1438 periculum,
735 1361 768 1412 et
785 1348 820 1412 in
838 1346 1028 1439 proximam
1047 1348 1215 1412 civitatem
1233 1344 1373 1412 deman-

321 1456 431 1541 dari²,
451 1455 774 1524 animadvertissent.
797 1462 896 1525 Tunc
916 1454 1054 1523 demum
1077 1455 1120 1524 ad
1141 1457 1372 1548 poenitentiam

321 1570 425 1649 versi,
448 1591 609 1662 reprenso
626 1591 665 1634 ac
683 1583 814 1634 retento
830 1567 1000 1650 vehiculo,
1018 1564 1195 1648 invidiam,
1212 1590 1289 1661 quae
1308 1563 1372 1632 sibi

321 1677 430 1761 lieret,
447 1676 618 1770 deprecati
634 1675 743 1746 sunt³.

368 1793 408 1856 X.
434 1791 618 1857 Comitatus
632 1805 683 1856 est
696 1806 827 1882 patrem
839 1807 873 1858 et
888 1793 1022 1884 Syriaca
1037 1788 1257 1882 expeditione.
1272 1787 1372 1857 Unde

321 1923 478 1967 reversus
490 1903 637 1992 primum
651 1903 685 1966 in
697 1903 831 1983 matris,
844 1899 982 1984 deinde,
995 1925 1033 1968 ea
1046 1899 1209 1993 relegata,
1221 1902 1256 1965 in
1268 1901 1372 1967 Liviae

322 2012 724 2103 Augustae-proaviaesuae
741 2011 962 2078 contubernio
978 2013 1118 2077 mansit:
1134 2035 1237 2105 quam
1252 2008 1374 2077 defun·

323 2135 411 2186 ctam
422 2137 639 2213 praetextatus
652 2123 751 2188 etiam
761 2130 850 2186 tum¹
867 2144 929 2212 pro
941 2122 1070 2187 Rostris
1083 2118 1253 2186 laudavit:
1266 2136 1374 2186 trana-

323 2233 427 2326 iitque
441 2230 484 2299 ad
498 2233 677 2300 Antoniam
689 2233 815 2313 auriam,
828 2245 862 2299 et
875 2234 1134 2299 unetvicesimo²
1145 2232 1250 2298 aetatis
1265 2254 1374 2311 anno,

323 2344 449 2410 accitus
467 2348 611 2435 Capreas
629 2341 820 2426 aTiberio,
844 2365 913 2410 uno
931 2359 1032 2438 atque
1051 2341 1172 2410 eodem
1190 2341 1244 2410 die
1259 2358 1375 2434 togam

323 2591 408 2644 Tacit.
422 2590 516 2645 rinnel.
533 2595 559 2661 1,
574 2593 624 2660 41:
640 2594 770 2647 «Militari
780 2613 825 2648 ro·
870 2613 1008 2648 mansuros
1031 2593 1085 2646 dux
1103 2593 1269 2667 judicaverat
1289 2611 1374 2660 auos,

324 2667 571 2741 cabulcCeligularn
577 2671 756 2744 appellabant,
764 2675 825 2744 quia
870 2693 948 2747 quam
961 2676 989 2726 in
1000 2671 1106 2726 illorum
1118 2665 1220 2726 castris.

323 2746 481 2822 plerumque
507 2751 542 2804 ad
565 2753 732 2805 concilianda
755 2753 825 2825 vulgi
905 2757 938 2807 X.
966 2771 987 2808 t.
1009 2757 1180 2806 Proetextatus
1201 2755 1280 2812 etiam
1300 2765 1376 2814 tum,-

324 2827 412 2880 etudia
422 2847 455 2880 eo
465 2831 578 2899 tegmine
590 2830 689 2901 pedum
701 2831 827 2883 induebn·
871 2849 955 2885 annos
974 2845 1051 2885 natus
1070 2834 1114 2899 16,
1136 2851 1217 2904 quum
1232 2831 1317 2883 lucem
1337 2833 1378 2883 vi-

324 2919 377 2958 tur.
389 2931 400 2955 ι
412 2906 453 2959 cf.
466 2908 532 2976 Dio,
543 2911 624 2976 LVII,
638 2908 666 2974 55
680 2911 744 2962 Aur.
757 2913 824 2964 Vict.
871 2913 952 2965 disset
967 2933 1029 2964 ann.
1044 2915 1108 2984 765,
1123 2913 1196 2965 Livia
1213 2912 1297 2964 obiret
1310 2931 1375 2964 utin.

325 3005 384 3057 cap.
398 2987 427 3053 3,
443 2988 542 3040 efflas.
556 2989 694 3058 3;,Senec.
709 2989 742 3044 de
756 2991 827 3052 Con·
871 2994 932 3062 782.
942 2991 1009 3044 Vide
1018 2993 1106 3044 Tiber.
1118 2991 1161 3044 51.
1171 3022 1207 3031 —
1218 2993 1271 3043 Pro
1281 2991 1379 3045 Rostris

325 3077 404 3118 stant.
415 3065 477 3137 Sap.
495 3069 534 3121 18.
547 3068 586 3124 Dc
596 3067 648 3120 hoc
660 3067 827 3124 calciamenti
872 3071 999 3126 laudavit.
1008 3075 1092 3124 Tacit.
1104 3072 1197 3124 Annal.
1207 3073 1238 3137 V,
1253 3089 1275 3136 ι,
1289 3072 1378 3125 «Lau-

325 3161 419 3213 genere
430 3143 489 3198 vide
502 3147 664 3216 Nigronum,
678 3147 711 3200 de
723 3149 826 3221 (laliga,
872 3151 933 3204 data
951 3166 991 3204 est
1009 3171 1058 3224 pro
1073 3153 1174 3207 Rostris
1193 3171 1207 3203 a
1228 3151 1256 3202 C.
1274 3152 1378 3204 l'msare

326 3223 391 3289 c.1l;
403 3223 523 3277 Balduin.
533 3226 656 3280 Calceum
668 3229 828 3301 Antiquam,
873 3245 1035 3305 pronepote,
1047 3235 1093 3304 qui
1103 3251 1164 3284 mox
1177 3251 1262 3284 rerum
1275 3234 1378 3304 potitus

324 3321 384 3375 cap.
402 3304 445 3368 13;
462 3306 564 3358 Rubcn.
581 3306 615 3359 de
632 3309 669 3360 Re
682 3311 827 3376 Vestiaria,
876 3325 946 3366 est.-

326 3381 365 3447 ll,
384 3399 405 3433 ¹·
910 3411 933 3443 2.
947 3391 1143 3446 Unetvicesimo.
1154 3393 1377 3464 RecepimusOu·

363 3479 387 3514 a.
402 3463 439 3515 Et
447 3464 475 3515 in
485 3464 633 3535 proximam
644 3467 776 3519 civitatem
785 3468 828 3519 dc-
873 3469 1012 3542 dendorpii
1022 3470 1235 3524 emendationem
1245 3511 1253 3537 ,
1264 3469 1378 3541 jubente

326 3543 461 3604 mandari,·
472 3545 499 3595 in
509 3545 645 3597 Treveros.
657 3547 734 3601 Conf.
743 3549 828 3598 Tacit.
874 3550 954 3600 etiam
966 3549 1075 3601 Wolfio.
1088 3549 1175 3622 Vulgo
1186 3550 1377 3602 undevicesimo

326 3623 422 3676 Annal.
434 3628 459 3691 l,
472 3625 506 3692 4ο
516 3644 570 3698 seq.
583 3630 649 3694 nio,
662 3627 680 3681 l.
693 3649 715 3681 e.
873 3640 899 3678 et
910 3627 971 3678 inde
980 3627 1108 3680 vicesimo.
1120 3627 1172 3680 Sed
1181 3629 1268 3680 Tacit.
1278 3626 1376 3679 Annal.

363 3701 388 3754 3.
408 3705 536 3776 deprenso
539 3739 601 3756 .....
616 3706 750 3773 vehiculo,
763 3709 828 3760 iovi·
873 3707 924 3774 vl,
944 3725 990 3773 ao,
1006 3707 1039 3759 ad
1059 3726 1121 3759 ann.
1142 3706 1210 3777 786,
1224 3709 1306 3758 aetatis
1321 3707 1377 3758 Cnii

327 3781 451 3835 diam...
469 3783 599 3857 deprecati
615 3797 685 3838 sunt.
702 3789 827 3838 Tacitus:
873 3787 1104 3850 unetvicesimum‚
1115 3785 1378 3856 ·subidemrempus

330 3885 342 3909 ι
352 3863 401 3916 Sed
414 3863 478 3915 nihil
488 3883 562 3935 reque
573 3864 657 3934 llexit,
672 3885 749 3939 quam
765 3867 829 3917 invi·
874 3869 903 3920 C.
916 3867 1010 3934 Cesar,
1029 3866 1177 3920 discedenti
1195 3866 1310 3938 Capreas
1329 3885 1378 3918 avo

315 3941 371 3996 r'dia
385 3945 411 3994 in
421 3944 551 3996 Treveros
561 3967 568 4008 ;
580 3958 671 4012 orant,
684 3945 832 4013 obsistunt,
875 3965 981 4012 comes,
994 3946 1031 3996 M.
1047 3946 1129 3998 Silani
1144 3945 1238 4013 liliam,
1253 3947 1378 4015 conjugio

328 4021 438 4089 rediret,
453 4036 587 4090 maneret,
605 4041 665 4096 pars
681 4026 829 4097 Agrippina
875 4026 987 4097 accepit.
998 4048 1009 4071 ι
1022 4024 1052 4076 ld
1063 4039 1150 4078 autern
1162 4026 1278 4091 factum,
1290 4037 1380 4076 aucto·

328 4115 510 4170 occursantes,
524 4103 633 4176 plurimi
647 4105 682 4156 ad
693 4106 831 4159 Germani·
874 4123 903 4156 re
917 4105 1030 4172 Nostro,
1045 4123 1105 4176 cap.
1121 4123 1167 4172 ta,
1180 4123 1232 4156 nort
1246 4101 1379 4168 itumulto

328 4199 389 4232 cnm
401 4183 543 4253 regressis
558 4181 663 4234 Invidia
670 4182 755 4256 fiebat
765 4183 831 4236 mili·
875 4194 932 4254 post
945 4195 1060 4236 summm
1074 4197 1171 4257 togam.
1189 4182 1260 4235 Alias
1274 4180 1380 4234 dixisset

329 4258 412 4327 tibus,
427 4260 500 4332 quod
517 4260 590 4333 apud
602 4262 730 4316 Treveros
749 4265 830 4316 tutius
876 4265 1111 4335 insequenti'amto.
