3048 5142
534 575 536 583 ,
598 551 742 617 orno.
1127 554 1194 618 ass
1302 647 1303 656 Ν

148 682 518 786 ορρειίῑεῑιωψωιε
534 675 678 746 Galbam·
692 675 860 762 salutarie
878 693 983 772 utque
999 697 1195 764 consuerat,

146 787 264 858 osculo
274 785 470 880 exceptusl,
480 788 580 854 etiam
590 786 789 856 sacrificanti
802 787 988 872 interfuit⁵,
998 787 1195 883 audivitque

146 899 308 990 praedictn
323 899 509 991 haruspicis
517 899 542 966 ⁶.
556 899 683 966 Deinde
697 897 833 981 liberto,
846 897 964 968 adesse
975 897 1192 984 architectos,

146 1012 330 1078 nunciante
339 1026 368 1093 ⁷,
381 1007 475 1104 quod
487 1013 621 1103 signum
632 1026 853 1094 convenerat,
866 1008 1127 1104 quesivennlem
1139 1009 1197 1078 do-

146 1143 242 1188 mum
252 1123 466 1214 inspecturus
476 1121 656 1204 abscessit3
667 1122 903 1215 proripuitque
915 1145 950 1188 se
961 1122 1090 1213 postica
1099 1136 1195 1212 parte

146 1231 263 1300 Palatii
283 1231 328 1300 ad
351 1235 586 1301 constitutum.
606 1231 693 1316 Alii,
714 1232 843 1300 febrem
868 1229 1061 1315 simulasse,
1080 1233 1193 1315 aiunt,

108 1335 113 1344 ’
147 1367 291 1439 eamque
299 1345 549 1428 excusationem
560 1346 723 1437 proximis
733 1342 967 1427 mendasse,si
976 1358 1193 1438 quereretur.

146 1441 245 1522 Tunc
252 1454 387 1523 abditus
396 1479 540 1548 propere
548 1454 709 1524 muliebri
717 1453 995 1536 sella⁸,inoustrn
1003 1453 1192 1522 contendit:

146 1628 214 1678 deon
234 1639 324 1679 autem
344 1645 451 1680 aureum
472 1625 594 1682 columna
616 1646 647 1680 ex
692 1629 803 1698 August.
819 1625 868 1693 56,
880 1623 954 1678 nullo
964 1623 1044 1676 modo
1055 1621 1196 1676 ferendum

147 1723 213 1757 auro
226 1707 293 1774 tuit,
307 1706 342 1758 ed
358 1725 438 1778 quam
451 1708 497 1758 viae
510 1725 601 1760 omnes
616 1725 647 1759 ex
692 1707 829 1771 existimo,
842 1717 868 1757 et
880 1703 953 1776 quod
964 1721 1028 1756 usus
1040 1715 1144 1755 tantum
1153 1703 1194 1755 fo·

144 1785 221 1838 italia
239 1784 403 1840 desinebant.
421 1785 461 1838 Cf.
476 1785 647 1839 Plutarcho.
692 1785 775 1836 tensis
784 1783 840 1836 hec
850 1783 924 1836 verbi
933 1795 973 1836 est
986 1781 1156 1850 significatio,
1167 1794 1194 1834 et

147 1865 190 1931 24.
204 1865 271 1917 Plin.
282 1868 315 1918 Η.
328 1867 361 1916 N.
371 1864 422 1930 111,
432 1863 448 1916 5
457 1861 497 1936 (9)
505 1903 513 1929 ,
522 1865 550 1916 irs
563 1864 649 1937 capite
692 1862 767 1936 quod
779 1882 810 1915 ea
822 1864 880 1934 ipse
892 1881 906 1914 a
918 1863 979 1914 viris
994 1861 1079 1914 doctis
1090 1859 1194 1914 suabe·

145 1944 259 1996 Romani
274 1945 335 1997 Forr'
347 1955 485 2012 statuatur,
499 1945 566 2012 Dio,
583 1935 650 2012 le,
692 1955 745 1996 tur.
757 1944 797 1996 cf.
810 1942 877 1994 Gell.
890 1943 969 1994 Noct.
981 1942 1034 1994 Art.
1047 1943 1072 2007 l,
1086 1959 1127 1994 uu.

146 2023 177 2089 8,
189 2017 215 2074 ri
228 2023 329 2090 χρυσῶν
338 2022 415 2088 μίλιον
420 2060 429 2084 ,
444 2037 470 2075 et
482 2023 515 2075 ab
529 2025 648 2094 Augusto
727 2025 753 2076 6.
772 2023 932 2094 Audivitque
943 2020 1068 2093 predicta
1080 2019 1194 2092 hantspt'·

145 2119 208 2153 trun.
223 2099 278 2170 734
290 2102 390 2154 factum
402 2101 474 2154 dicit.
485 2102 528 2154 Cf.
539 2105 646 2174 interpr.
692 2105 736 2157 cis.
746 2101 812 2156 Vide
822 2101 898 2154 Gelb.
912 2120 971 2173 cep.
989 2118 1028 2171 ¹9·

144 2180 180 2233 ed
195 2181 296 2242 Tacit.;
312 2180 415 2234 Pabric.
433 2181 468 2235 sd
482 2183 561 2234 Dion.
577 2182 595 2234 l.
609 2201 648 2247 e.;
728 2199 753 2252 7.
768 2182 896 2234 biberto...
908 2173 1193 2242 nunciosstei'Onomn·

145 2260 243 2311 Donat.
260 2261 339 2310 Rom.
352 2262 411 2312 Vet.
425 2262 462 2326 Il,
480 2260 524 2326 14;
537 2261 647 2313 Nardin.
692 2273 742 2313 sto.
762 2260 846 2312 Tacit.
867 2260 966 2310 Histor.
987 2259 1017 2326 1,
1041 2275 1092 2328 27:
1116 2257 1193 2310 «Nec

144 2337 179 2390 de
190 2339 267 2390 Rom.
279 2341 340 2390 Vet.
351 2343 384 2401 V,
395 2339 425 2402 63
437 2351 463 2391 et
477 2357 545 2410 qnos
559 2338 648 2410 plures
691 2337 1121 2410 multopostlibertusOnomastus
1128 2355 1194 2388 nnn·

143 2417 256 2469 Pitiseus
268 2414 304 2468 ad
311 2415 402 2468 locum
413 2431 483 2470 nost.
496 2419 625 2470 excitavit.
691 2420 760 2484 ciet,
774 2419 913 2490 exspectari
926 2435 987 2470 eum
1005 2419 1038 2469 ab
1053 2416 1194 2468 architecto

180 2493 648 2569 i.0sculoexceptus;quodsignnm
691 2509 717 2550 et
736 2497 934 2559 redemtoribus,·
957 2514 1015 2567 que
1036 2494 1193 2567 significatio

144 2575 278 2625 comitatis
293 2587 320 2625 et
332 2577 452 2628 amicitie
469 2577 647 2646 imperatoris.
692 2577 847 2630 coeuntium
860 2577 915 2645 jam
930 2575 1040 2628 militum
1056 2588 1084 2628 et
1095 2585 1195 2646 purete

143 2653 186 2706 cf.
198 2653 288 2706 Tiber.
302 2670 349 2719 10,
362 2669 388 2708 et
399 2657 498 2709 Neron.
511 2657 554 2726 37.
693 2657 883 2725 conjurationis
909 2667 1079 2708 convenerat.
1104 2653 1195 2721 Otho,

180 2732 206 2785 5.
228 2735 320 2786 Etiam
339 2733 499 2804 sacrificanti
516 2735 645 2807 interfuit.
693 2753 801 2788 causam
827 2735 958 2806 digressus
983 2734 1193 2806 requirentibus,

142 2815 243 2866 Verum
251 2813 389 2886 est,quod
398 2816 562 2868 Burmannus
570 2817 647 2885 dicit,
691 2834 790 2886 quum,
808 2817 860 2868 emi
878 2815 929 2868 sibi
947 2815 1046 2885 predia
1063 2825 1195 2867 vetustate

143 2893 262 2946 interesse
269 2893 385 2964 aliquem
392 2895 472 2946 rebus
478 2909 505 2946 et
511 2896 586 2961 locis,
591 2915 647 2948 non
691 2909 826 2968 suspecte,
837 2914 923 2968 eoque
933 2897 1006 2968 prius
1016 2894 1192 2967 exploranda,

142 2970 246 3024 homini
259 2971 363 3046 aliquid
376 2976 470 3043 agenti.
488 2974 539 3027 Sed
553 2990 579 3028 ot
595 2976 647 3027 lin·
691 2976 823 3042 finxisset,
837 2978 942 3030 innixus
956 2975 1051 3028 liberto
1055 3013 1117 3027 .....
1129 2993 1193 3046 per·-

142 3069 202 3122 8¹¹³
214 3069 279 3104 usus
295 3052 389 3123 saepius
403 3053 556 3124 e'primaria
568 3056 647 3126 signi·
690 3060 737 3128 git.
748 3080 760 3104 ι
777 3057 817 3109 Cf.
827 3053 960 3108 Plutarch.
974 3075 996 3107 c.
1010 3057 1058 3122 04,
1073 3072 1126 3126 qno
1137 3054 1194 3125 qui·

142 3129 268 3183 ficarione
281 3130 316 3182 sd
326 3130 436 3182 similem
444 3143 528 3202 atque
540 3133 647 3186 affinem
692 3135 753 3187 dem
762 3135 822 3186 loco
830 3153 890 3186 cum
899 3133 997 3186 Soleno
1005 3135 1140 3198 existimo,
1149 3129 1193 3185 de·

143 3206 298 3275 descendit,
320 3221 347 3260 et
366 3210 509 3280 scriptores
529 3213 647 3265 omnium
692 3227 798 3284 ceptum
810 3212 981 3266 Plutarchum
992 3213 1086 3264 Latino
1096 3210 1190 3263 vocab.

142 3302 251 3345 etatum
271 3289 477 3361 linguarumque
498 3290 611 3344 subinde
631 3311 648 3344 e
692 3293 889 3358 redemtoribus,
909 3293 1052 3363 improprie
1072 3287 1193 3345 saurae

143 3367 223 3420 solito
234 3369 379 3440 propriove
388 3367 500 3439 alicujus
511 3372 583 3422 vocis
596 3389 647 3424 usu
690 3373 847 3426 reddidisse.
856 3374 919 3424 Mox
931 3373 966 3424 ad
977 3373 1142 3425 constitutum
1152 3381 1194 3422 est

143 3446 292 3515 recedunt,
314 3449 402 3501 minus
424 3451 481 3519 ejus
502 3467 646 3518 memores,
690 3465 828 3520 neutrum,
839 3454 892 3505 sive
904 3452 937 3504 de
949 3449 1024 3518 loco,
1037 3453 1091 3504 sire
1102 3449 1137 3503 ‹le
1148 3448 1193 3502 die

143 3527 434 3599 quamquidoeteeum
443 3529 646 3598 excutiuntlta,
691 3550 776 3586 sermo
793 3533 840 3598 sit,
854 3549 889 3584 ne
902 3532 962 3604 quis
974 3529 1008 3584 de
1021 3529 1108 3602 ellipsi
1119 3530 1194 3600 cogi-

141 3625 195 3677 pro
204 3603 333 3678 sacrificio
342 3608 376 3658 ab
387 3625 417 3659 eo
425 3606 502 3678 facto
514 3606 645 3678 interfuit,
691 3623 738 3663 tet.
753 3611 920 3663 Constitutus
935 3623 1023 3663 autern
1035 3621 1091 3662 eret
1103 3607 1192 3675 locus,

141 3685 185 3738 vel
196 3683 357 3758 sacrifimnti
366 3685 467 3756 adfisit,
477 3679 597 3754 brevius,
606 3701 646 3755 et,
691 3690 724 3743 de
732 3708 786 3760 quo
794 3692 912 3762 proxime
917 3689 1032 3756 dictum,
1039 3689 1193 3742 Milliarimn

143 3783 227 3838 quum
238 3766 345 3836 utrique
357 3763 461 3819 dicendi
475 3764 556 3818 modo
568 3766 646 3820 alieni
691 3789 810 3822 aureum.

143 3843 210 3914 quid
233 3842 387 3910 adhereat,
411 3845 529 3897 exactius
551 3859 646 3898 auctor
713 3852 751 3904 ·8.
766 3849 971 3905 Muliebrirelta.
984 3847 1121 3902 Plutarch.
1132 3867 1190 3919 cap.

143 3925 262 3996 scripsit,
275 3921 433 3996 sacrificanti
448 3923 575 3995 inteq‘uit.
592 3927 645 3978 Mi-
692 3928 740 3996 25,
760 3926 788 3981 ri
807 3929 888 3998 espiri
908 3928 988 3995 dicit,
1006 3941 1033 3980 et
1052 3927 1193 3981 lecticarios

142 4019 195 4055 nus
207 4001 236 4055 id
251 4005 380 4070 urserim,
394 4003 467 4075 quod
475 4003 590 4058 wolfius
604 4003 646 4057 di·
691 4007 858 4077 qspsross'psvc,
875 4009 932 4075 rel,
949 4021 980 4061 ut
990 4006 1069 4079 vulgo
1081 4005 1192 4075 legitur,

142 4083 194 4148 eis,
212 4080 331 4136 rhtivum
348 4084 375 4134 iu
392 4081 445 4135 hoc
459 4101 554 4155 genere
571 4086 645 4156 quasi
688 4085 849 4157 φομιρὸμυςς
866 4087 949 4141 Tacit.
965 4105 1024 4158 cap.
1039 4103 1085 4155 27,
1099 4081 1192 4136 sellam

142 4161 646 4234 essumcommodiesse.Conjecturam
691 4179 717 4219 et
735 4167 802 4237 ipse.
824 4168 870 4218 Est
885 4185 979 4238 nempe
996 4159 1131 4229 vermibus
1146 4182 1191 4214 se·

89 4251 94 4262 '
142 4238 257 4294 Ernestii
274 4240 403 4312 superfusis
419 4261 468 4313 pro
489 4242 592 4313 adfuit,
614 4262 645 4296 ex
688 4239 1191 4312 sinuesDionis,LV11,rb‚ubiride
