3054 5152
320 543 329 563 ”
401 543 467 598 tio
776 530 1067 598 C.SUETONlI

286 702 291 722 .
397 645 559 726 ¹tribunali
571 658 681 748 posito
694 657 729 722 in
743 653 916 723 orchestra
926 657 1110 739 commisit,
1127 679 1234 749 quum
1247 655 1345 750 prins
1355 658 1440 750 apud

400 771 590 862 superiores
607 765 698 834 tedes
718 765 959 859 supplicasset,
980 763 1109 861 perque
1128 765 1274 834 medium
1292 791 1439 852 caveam,

401 875 596 944 sedentibus
615 898 657 942 ao
676 873 852 944 silentibus
871 877 1020 959 cunctis,
1042 874 1281 944 descendisset.
1306 881 1396 945 Fecit
1412 899 1442 944 et

400 983 607 1068 seculsrcsl,
627 987 725 1078 qussi
745 987 944 1080 anticipatos
964 985 1008 1054 ab
1028 991 1196 1080 Augusto,
1216 1011 1282 1054 nec
1302 985 1441 1079 legitimo

401 1097 544 1189 tempori
555 1111 761 1164 reservatos:
775 1097 929 1190 quemvis
941 1097 1013 1188 ipse
1025 1098 1060 1162 in
1072 1094 1220 1165 historiis
1229 1101 1302 1166 suis
1313 1097 1441 1191 prodet,

407 1208 639 1274 «intermissos
661 1229 718 1275 eos
741 1211 929 1298 Augustum
950 1205 1059 1274 multo
1078 1223 1175 1300 post,
1196 1206 1443 1300 diligentissime

401 1341 570 1385 annorum
579 1319 708 1385 ratione
720 1315 899 1397 subducta,
911 1319 947 1382 in
959 1316 1112 1385 ordinem
1120 1317 1302 1410 redegisse.
1315 1349 1328 1381 i
1341 1323 1443 1404 Quare

355 1475 361 1495 .
403 1453 467 1498 vox
474 1431 641 1525 praeconis
651 1429 749 1496 irrisa
758 1431 1004 1511 est,invitnutis
1013 1453 1109 1497 more
1118 1427 1274 1497 sollemni
1283 1428 1328 1496 ed
1337 1429 1442 1513 ludos,
1469 1425 1473 1432 ’

409 1563 519 1633 «qnos
531 1563 595 1608 nec
607 1555 789 1633 spectasset
803 1541 983 1635 quisquam
994 1592 1002 1623 ,
1015 1565 1079 1608 nec
1091 1555 1304 1634 spectetums
1318 1557 1439 1624 esset,-

404 1674 511 1744 quum
526 1667 742 1744 superessent
760 1649 889 1732 adhuc,
911 1653 970 1746 qni
989 1665 1239 1743 spectaverunt,
1260 1651 1300 1718 'et
1315 1649 1444 1745 quidem

403 1759 638 1846 histrionum⁵,
652 1761 807 1854 producti
816 1761 897 1832 olim
906 1815 916 1846 ,
928 1779 1010 1831 tunc
1021 1786 1159 1858 quoque
1168 1761 1442 1855 producerentur.

404 1873 576 1940 Circenses
596 1870 789 1966 frequenter
809 1874 910 1940 etiem
929 1875 964 1939 in
984 1875 1145 1941 Vaticano
1166 1875 1351 1956 commisit,
1372 1895 1445 1940 non·

405 2005 581 2076 uunquam
594 1980 769 2076 interjecta
781 2008 843 2077 per
859 1986 980 2078 quinos
994 1981 1136 2054 missus⁶
1152 1987 1345 2054 venatione.
1358 1987 1445 2052 Circo

405 2115 485 2160 vero
506 2095 652 2160 maximo
672 2096 869 2162 marmoreis
890 2095 1098 2180 carceribus,
1120 2097 1317 2190 auratisque
1336 2096 1444 2176 metis,

405 2203 481 2298 quae
495 2219 640 2299 utraque
654 2221 688 2274 et
700 2205 840 2299 tophina
850 2230 891 2274 ec
901 2205 1012 2302 lignee
1023 2225 1123 2276 antee
1135 2207 1288 2290 fuerent,
1304 2206 1444 2289 exctdto,

405 2398 489 2450 Grec.
504 2409 567 2451 tom.
583 2398 635 2460 111,
649 2418 676 2471 p.
689 2398 741 2468 695
754 2402 826 2472 seq.)
836 2403 907 2456 Exn·
951 2421 1032 2477 quam
1042 2403 1178 2473 Augustus
1193 2402 1329 2470 ediderat,
1343 2401 1447 2474 spectati

404 2491 477 2530 stum
485 2477 535 2529 sub
542 2477 649 2530 Tiberio
659 2479 732 2530 retici
741 2480 848 2553 quidem
858 2501 908 2536 cce-
951 2495 1021 2536 sunt.
1035 2483 1181 2553 Utriusque
1192 2483 1325 2555 Principis
1338 2482 1446 2534 renones

407 2567 483 2626 ptem
497 2571 538 2608 est
551 2556 586 2608 ab
599 2556 693 2609 eodem
709 2558 846 2630 Principe,
859 2560 907 2613 sed
950 2564 1138 2634 praetermitto,
1152 2563 1217 2614 setis
1232 2577 1354 2616 neumas
1365 2561 1447 2627 libris,

408 2634 559 2688 absolutum
571 2635 678 2688 demum
691 2638 850 2709 aCaligula,
862 2639 907 2692 de·
951 2640 1048 2712 quibus
1064 2659 1106 2693 res
1122 2643 1293 2714 lmperetoris
1310 2639 1447 2694 Domitiani

406 2709 576 2786 dicatumque
600 2714 744 2768 aClsndio
764 2736 825 2770 eun.
845 2720 905 2790 794.
951 2719 1100 2790 composui.
1120 2720 1187 2770 Nem
1205 2721 1228 2772 is
1247 2737 1359 2792 quoqne
1373 2717 1448 2772 edidit

408 2791 474 2843 Vide
485 2793 570 2843 Tacit.
583 2791 677 2845 dunel.
691 2794 740 2860 111,
756 2813 805 2865 7²³
817 2798 906 2850 Nostr.
950 2794 1030 2848 ludos
1048 2796 1211 2850 seculares.»
1229 2800 1268 2850 lta
1289 2801 1370 2852 etiarn
1389 2797 1446 2850 Plio.

407 2869 495 2924 Tiber.
509 2871 556 2940 475
569 2869 651 2944 calig.
664 2889 706 2935 sr;
721 2875 802 2927 Dion.
813 2877 870 2943 tx,
881 2878 907 2930 6.
951 2876 1015 2942 Vll,
1034 2877 1068 2944 48
1085 2875 1165 2948 (49),
1180 2879 1315 2951 sexaqiuta
1335 2892 1382 2934 tres
1398 2897 1448 2930 nou

404 2951 581 3021 Superpos'ite
601 2952 626 3002 ei
643 2965 700 3004 eret
717 2951 785 3006 tedes
803 2955 909 3010 Veneris
952 2955 1164 3027 empliusannos
1175 2958 1330 3012 interfuisse
1341 2959 1404 3012 dicit
1412 2961 1448 3010 in·

409 3029 528 3084 Victricis
539 3029 618 3101 (Plin.
629 3034 700 3099 vm,
712 3035 907 3103 73'l'ertullien.
952 3046 992 3086 ter
1007 3032 1086 3088 ludos
1101 3035 1234 3089 seculares
1249 3038 1311 3090 Divi
1326 3037 1448 3110 Augusti,

407 3109 441 3162 de
450 3111 569 3182 Spectec.
584 3129 607 3164 c.
625 3110 685 3185 ιο),
697 3127 724 3165 et
737 3114 873 3184 Vectorioe,
886 3117 908 3169 si
953 3130 1066 3183 eosque,
1078 3132 1147 3185 qnos
1159 3114 1287 3169 Claudius
1296 3116 1449 3169 &sercou

408 3187 473 3242 fides
483 3189 584 3256 Gellio,
598 3193 638 3259 X,
656 3209 679 3258 s,
691 3191 764 3245 unde
777 3207 849 3248 recte
858 3210 909 3249 sta·
953 3192 1041 3246 suletu
1053 3211 1102 3247 suo
1115 3206 1210 3266 quarto
1218 3197 1326 3250 fecerit.
1337 3199 1379 3250 Cf.
1390 3199 1448 3249 Hae

408 3278 481 3318 tuere
495 3265 625 3335 ridentur,
642 3271 688 3341 qui
704 3289 788 3322 unum
801 3273 909 3344 quidem
953 3269 1026 3324 duin.
1045 3272 1079 3324 sd
1097 3272 1169 3326 bunc
1187 3273 1264 3326 Plinii
1278 3274 1333 3328 loe.
1352 3278 1447 3328 Erunt

408 3344 536 3415 templum
554 3348 653 3413 fnisse,
673 3349 718 3402 sed
735 3349 909 3423 bipartitum,
952 3349 987 3402 sd
997 3353 1080 3404 Tecit.
1096 3351 1113 3405 l.
1129 3372 1153 3405 c.
1166 3366 1193 3406 et
1207 3372 1275 3426 quos
1290 3353 1449 3409 laudavimus

406 3421 521 3495 ideoque
531 3427 673 3496 asperiores
684 3427 748 3482 oedes
759 3448 804 3484 ees
812 3431 909 3505 plursli
954 3429 987 3483 ed
997 3432 1109 3503 August.
1123 3435 1166 3486 31.

407 3503 909 3577 numerosostrolocediciexistimsnt,
988 3507 1013 3562 5.
1032 3512 1070 3564 Et
1086 3513 1193 3585 quidam
1212 3513 1384 3581 histrionem,
1402 3525 1449 3566 etc.

408 3582 556 3650 rejicientes
567 3587 740 3636 mutationem
754 3587 849 3659 Lipsii,
865 3609 908 3642 su·
952 3588 1018 3642 Plin.
1033 3589 1050 3643 l.
1070 3609 1094 3645 c.
1113 3593 1334 3666 Stephanionem,
1353 3594 1387 3647 de
1400 3609 1450 3666 quo

406 3659 534 3730 perierem
552 3661 641 3715 cdere.
663 3663 728 3716 Vide
747 3666 862 3720 Gronov.
882 3681 908 3721 et
952 3669 1012 3724 vide
1024 3673 1136 3744 August.
1149 3693 1209 3748 cap.
1221 3674 1271 3742 45,
1282 3679 1401 3749 utrisque
1412 3691 1451 3728 se·

409 3735 582 3812 Oudendorp.
590 3741 625 3792 ad
633 3740 721 3796 locum
729 3747 910 3800 nostrum.Ce·
952 3749 1452 3824 celeribuslndis,dogostietGlsodii,

409 3828 511 3883 terum,
528 3817 563 3870 de
580 3818 631 3872 bec
649 3819 816 3876 dedicatione
835 3827 907 3878 coni.
953 3828 1061 3882 saltasse
1070 3827 1143 3882 dicit.
1207 3855 1209 3860 ·

410 3894 547 3962 Di⁰‚LX,
559 3897 584 3952 6·
989 3907 1014 3960 6.
1040 3910 1094 3961 Per
1115 3911 1208 3985 qutiens
1231 3911 1336 3974 missen
1361 3915 1450 3985 quinas

445 3973 470 4040 4.
490 3975 560 4029 Fecit
573 3987 600 4028 et
612 3977 746 4032 seculum.
757 3980 842 4035 Tacit.
857 3984 909 4052 XI,
954 4003 1085 4058 equorum
1105 3991 1269 4043 emissiones.
1288 3981 1451 4046 Circensibus

413 4067 440 4102 n
451 4071 460 4100 ι
475 4071 486 4098 s
496 4051 591 4106 lisdem
602 4055 762 4110 Consulibus
771 4057 827 4112 ludi
837 4079 911 4114 seeu-
955 4078 1044 4118 sutem
1052 4065 1124 4120 ludis
1134 4070 1252 4141 quinque
1260 4083 1289 4122 et
1297 4071 1388 4143 viginti
1396 4071 1452 4122 mis·

408 4127 491 4196 lares,
503 4132 713 4205 oetinqentesimo
725 4151 786 4206 post
800 4139 910 4194 Romam
952 4161 1000 4196 ¹sus
1009 4163 1064 4198 nno
1074 4144 1116 4199 die
1126 4145 1240 4200 flebant:
1252 4151 1452 4220 quoquosssisss

409 4205 562 4277 conditum,
579 4228 674 4284 quarto
689 4228 716 4268 et
730 4221 909 4288 sexagesimo,
956 4237 1071 4295 quatuor
1084 4223 1217 4296 quadrigis
1230 4225 1385 4280 currebsst.
