3048 5142
386 575 454 643 290
762 551 799 614 c.
824 505 1057 617 suuronn

432 683 489 745 lX.
515 676 620 746 Simili
635 677 837 757 temeritate,
857 677 1010 770 quamvis
1024 673 1166 742 dubium
1178 677 1304 742 nemini
1321 691 1429 758 esset,

384 791 466 884 quin
480 787 565 855 trahi
578 786 705 855 bellum
717 801 902 879 oporteret¹
912 839 921 868 ,
933 785 1069 879 quaudo
1079 800 1113 853 et
1123 786 1210 853 fame
1223 801 1256 853 et
1265 789 1430 878 angustiis

383 901 535 969 locorum
544 917 721 992 urgeretur
731 899 851 980 hostis,
862 901 1121 991 quamprimum
1132 911 1247 970 umen
1256 897 1430 970 decertare

384 1014 520 1078 statuit:
540 1013 609 1077 sive
628 1012 808 1101 impatiens
827 1006 986 1099 longioris
1006 1006 1258 1090 sollicitudinis,
1277 1032 1430 1102 sperans·

383 1147 468 1216 que,
481 1139 559 1189 aute
571 1119 695 1192 Vitellii
713 1120 895 1188 adveutum
915 1118 1086 1212 profligati
1104 1119 1289 1212 plurimum
1308 1143 1427 1212 posse,

382 1237 453 1300 sive
473 1235 581 1326 impar
594 1230 738 1298 militum
758 1231 887 1311 ardori,
907 1253 1056 1322 pugnum
1076 1228 1342 1321 deposcentium.
1360 1235 1430 1298 Nec

382 1339 599 1434 ulli²pugnae
610 1339 735 1421 adluit,
756 1339 970 1432 substititque
984 1337 1116 1408 Brixelli
1126 1338 1150 1404 ³.
1171 1344 1214 1405 Et
1231 1339 1338 1406 tribus
1358 1341 1430 1433 qui·

382 1452 476 1530 dem,
491 1475 608 1518 verum
623 1448 848 1516 mediocribus
861 1447 1002 1541 praeliis,
1016 1445 1107 1540 apud
1120 1445 1260 1540 Alpesl,
1271 1451 1429 1544 circaque

380 1561 616 1642 Placentiam5,
630 1576 663 1627 et
675 1559 717 1628 ad
729 1560 891 1641 Castoris,
906 1557 996 1654 quod
1008 1558 1081 1624 loco
1094 1582 1219 1626 nomen
1232 1575 1296 1640 est,
1308 1559 1427 1627 ⁶vicit:

380 1675 566 1742 novissimo
580 1674 793 1764 maximoque
805 1670 896 1764 apud
907 1671 1095 1740 Betriacum
1114 1670 1235 1738 fraude
1247 1687 1428 1762 superatus

351 1807 359 1820 ’
380 1800 467 1866 est73
489 1805 612 1880 quum,
634 1805 694 1876 epe
712 1781 871 1878 colloquii
892 1783 996 1861 facta,
1016 1783 1112 1876 quasi
1133 1781 1176 1848 ad
1199 1781 1428 1850 conditionem

380 2021 479 2094 digium
492 2035 519 2074 et
535 2039 612 2075 omen
622 2021 815 2073 imminentium
824 2020 879 2073 cla·
924 2037 984 2091 cap.
996 2021 1044 2082 33,
1068 2021 1228 2090 ePoatquam
1242 2021 1354 2090 pugnari
1369 2018 1427 2092 pla·

380 2103 453 2154 diurn
465 2101 639 2154 vertebatur·
924 2102 1022 2164 eitum,
1036 2099 1162 2153 iuteresse
1176 2115 1269 2168 pugnat
1280 2102 1425 2168 lm11erato·

416 2183 459 2232 lll.
483 2199 506 2236 r.
528 2180 651 2251 Quamvis
663 2179 767 2231 dubium
781 2177 880 2228 nemini
924 2195 993 2244 rem,
1010 2195 1044 2229 an
1061 2179 1155 2248 seponi
1168 2175 1261 2228 melius
1274 2178 1360 2242 leret,
1378 2177 1426 2229 dn·

378 2270 454 2325 astet,
471 2261 534 2331 quin
548 2259 616 2309 nubi
630 2253 728 2310 belluni
738 2267 878 2328 oporteret,
923 2254 1049 2307 bitavere.
1060 2253 1361 2324 PaullinoetCelsojau
1371 2273 1425 2307 noa

379 2353 431 2390 otc.
445 2341 529 2392 Tacit.
542 2340 578 2403 ll,
592 2339 640 2402 31,
664 2337 757 2390 «Otho
771 2335 879 2388 cousul—
924 2333 1141 2398 adversantibus,
1159 2351 1194 2385 ne
1209 2336 1358 2404 Principem
1380 2333 1427 2385 ob·

379 2416 457 2479 tavit,
476 2413 546 2466 trabi
559 2413 674 2480 bellum,
693 2432 727 2465 au
744 2415 878 2466 fortunam
921 2414 1023 2483 jectare
1033 2412 1156 2484 periculis
1168 2411 1334 2476 viderentur,
1347 2412 1425 2466 iidem

379 2494 492 2564 experiri
511 2492 636 2562 placeret.
657 2493 725 2543 Tum
740 2492 879 2544 Suetonius
922 2491 961 2545 illi
973 2492 1110 2545 deterioris
1120 2491 1222 2543 consilii
1233 2504 1357 2544 auctores
1369 2511 1426 2566 pen

379 2570 528 2636 Paulinus,
538 2569 646 2638 dignum
658 2571 727 2622 fama
738 2589 785 2622 aua
797 2583 879 2635 ratus,
925 2569 1219 2642 pulcre,ntBrr'xellum
1226 2572 1426 2641 concederemus

379 2665 433 2720 qua
446 2665 526 2699 nemo
537 2648 581 2698 illa
594 2661 751 2719 tempestate
762 2650 879 2703 militaris
924 2651 1007 2704 dubiis
1014 2647 1165 2721 probamen
1179 2661 1306 2712 exemtus,
1319 2667 1426 2702 surm

378 2729 417 2778 rai
438 2726 557 2779 callidior
576 2725 739 2796 habebatur,
766 2728 800 2782 de
822 2742 879 2781 toto
923 2747 1009 2780 rerum
1024 2741 1049 2780 et
1062 2729 1166 2800 imperii
1178 2747 1204 2780 re
1214 2729 1298 2799 ipsum
1313 2747 1426 2780 reserve-

378 2806 544 2876 flauerebelli
553 2825 675 2870 eantare,
680 2807 878 2878 festinationem
923 2817 987 2858 ret·
1013 2807 1087 2859 Ouul.
1110 2804 1241 2858 Plutarch.
1259 2805 1323 2858 Oth.
1343 2807 1368 2859 5.
1386 2808 1426 2859 Da

379 2885 502 2952 hostibus,
516 2903 616 2936 moram
629 2886 688 2958 ipsit
697 2885 788 2938 utilem
799 2886 879 2940 disse·
923 2885 1041 2940 batallo
1064 2888 1183 2959 oppido,
1211 2887 1305 2940 Cellar.
1329 2890 1424 2960 Geogr.

378 2970 456 3020 ruit.»
474 2969 539 3037 Cap.
558 2967 609 3031 33,
631 2966 802 3019 «Accedebat
821 2986 879 3020 eeu·
923 2970 984 3019 Ant.
998 2970 1143 3040 ll,9,pag.
1154 2968 1215 3020 6⁶8.

281 3036 288 3050 ⁸
377 3045 878 3108 renuerautlintntaetuscenus,idem
958 3047 983 3113 4.
1002 3047 1082 3118 Apud
1093 3045 1179 3120 Alpes.
1199 3047 1277 3099 Conf.
1292 3050 1378 3101 Tacit.
1389 3051 1426 3116 ll,

378 3124 484 3194 placere
496 3125 583 3175 Annio
593 3123 684 3188 Gallo,
704 3141 804 3193 paucos
817 3138 879 3177 ante
926 3143 998 3179 ta·-
1007 3127 1046 3180 ¹5.
1057 3123 1136 3199 Alpes
1145 3127 1260 3198 intellige
1271 3131 1424 3184 maritimas.

378 3201 434 3254 dies
445 3203 521 3272 lapsu
536 3203 597 3273 equi
608 3201 722 3268 alllicto,
733 3204 820 3268 missi,
834 3203 879 3275 qui
959 3205 983 3258 5.
1009 3209 1131 3278 Circaeae
1145 3205 1317 3260 Placentiam.
1340 3210 1425 3260 Tacit.

378 3281 519 3333 eonsilium
536 3285 593 3350 ejus
608 3283 816 3348 sciscitarentur,
836 3301 878 3336 re·
923 3303 981 3356 cap.
997 3286 1124 3348 18-223
1138 3285 1270 3337 Plutarch.
1282 3306 1343 3358 cap.
1355 3289 1380 3339 6.

376 3361 503 3434 tulerant.
522 3359 593 3414 Otho
611 3378 714 3433 pronus
733 3361 768 3416 ad
786 3362 877 3413 dacer·-
958 3365 984 3416 6.
1004 3367 1038 3416 Er
1049 3366 1084 3416 ad
1096 3365 1232 3416 Castoris...
1249 3367 1319 3417 uicit.
1339 3368 1425 3420 Tacit.

378 3439 500 3498 tandumt
522 3439 602 3491 frater
622 3441 680 3510 ejus
700 3441 834 3506 Titianus,
852 3453 878 3492 et
922 3461 982 3513 cap.
994 3444 1040 3509 24,
1058 3444 1120 3496 «aa
1133 3443 1322 3496 duodecimum
1335 3465 1350 3497 a
1362 3449 1426 3499 ora-

377 3519 518 3570 Pradectus
535 3518 653 3570 pretorii
667 3518 810 3586 Proculus,
830 3521 878 3570 im·
922 3541 1014 3588 mona,
1037 3523 1106 3576 laetu
1128 3526 1259 3576 Castum
1280 3538 1422 3577 uocatur.-

375 3597 471 3666 peritia
485 3609 675 3666 properantes,
694 3597 838 3648 Fortunam
851 3611 877 3650 et
921 3601 999 3654 Οιοε.
1009 3602 1069 3667 Vll,
1082 3603 1112 3666 8,
1127 3605 1216 3652 ecirca
1230 3601 1334 3668 locum,
1345 3621 1425 3676 quem

376 3675 878 3732 DeosetuumenOtlronisadesaecon-
923 3679 1032 3732 Castoris
1049 3692 1154 3731 vocant.
1168 3703 1180 3725 ι
1200 3680 1277 3732 Cous.
1297 3681 1423 3734 Oudeud.

377 3756 455 3818 siliis,
468 3753 562 3808 adfore
575 3757 728 3821 conatibus,
744 3757 877 3810 testabar·
922 3757 955 3809 ad
969 3759 1057 3810 locum
1070 3773 1200 3812 nostrum.

376 3849 432 3888 tur:
444 3855 496 3886 neu
507 3838 565 3908 quie
576 3835 681 3890 obviam
692 3839 729 3890 ire
742 3840 877 3890 sententiae
956 3854 981 3906 7.
1002 3839 1079 3908 Apud
1097 3840 1273 3890 Betriacum...
1290 3851 1426 3910 superatus

376 3913 499 3978 auderet,
509 3915 535 3964 in
549 3911 729 3966 adulationem
739 3931 877 3967 concessa·
920 3927 963 3968 ert.
970 3917 1054 3968 Tacit.
1064 3937 1086 3968 e.
1097 3916 1422 3989 commentaturque

273 4017 281 4038 ·
375 3993 874 4066 routhfiatcdelut.Oth.ssseq.
923 4000 1012 4049 *inter
1024 3998 1155 4048 Veronam
1167 3997 1425 4067 Cremonamqnesi·

412 4091 437 4126 a.
455 4072 576 4139 necant,
586 4072 814 4145 etoluepterulg.
823 4074 874 4126 illi.
921 4088 962 4127 tua
975 4076 1109 4140 astricus,
1120 4073 1224 4126 duabus
1231 4077 1287 4144 J'am
1295 4077 1424 4132 Romania

375 4153 440 4204 Cod.
454 4152 519 4203 alter
531 4149 584 4202 ille.
919 4152 1038 4206 cladibus
1050 4167 1128 4204 notus
1141 4153 1335 4224 inlaustueque.
1347 4177 1360 4200 ι
1379 4155 1422 4206 Gl.

410 4233 434 4280 3.
458 4229 625 4298 Substititque
643 4226 761 4280 Brixelli.
788 4230 872 4282 Tacit.
917 4231 1104 4302 interpradb.
1114 4233 1131 4283 l.
1143 4229 1310 4286 etPlutarclr.
1323 4251 1385 4303 cap.
1396 4233 1422 4285 8.
