3066 5148
482 520 738 584 CALIGULA.
1080 521 1133 587 ³55

96 645 441 742 que,uelsublevare;
452 646 598 738 equestri
605 667 742 737 quoque
751 640 868 712 ordino
878 621 921 710 tid
931 645 1136 716 autliondum

100 763 227 828 inritato
239 783 302 851 per
314 754 432 824 edicta.

137 876 219 938 LIV.
247 869 312 940 Sed
334 886 368 937 et
385 869 531 938 afiorum
549 890 713 959 generum
734 884 823 936 artes
843 869 1085 940 studiosissime
1105 889 1139 939 et

100 981 336 1050 diversissimas
357 982 515 1048 exercuit.
539 978 653 1046 Threx
673 982 873 1071 et.auriga¹,
894 977 983 1050 idem
1001 1000 1138 1066 mutor,

97 1106 189 1184 atque
202 1090 352 1158 saltator.
370 1087 531 1157 Batuebat
542 1091 750 1180 pugnatoriis
762 1081 880 1171 armis,
891 1073 1142 1183 ¹trurigabaton'-⁸

1 1213 2 1246 ³
100 1215 217 1266 structo
231 1199 444 1292 plurifariam
458 1201 567 1266 Circo.
585 1197 737 1266 Caneudi
750 1221 790 1268 ac
808 1198 951 1268 saltandi
967 1192 1139 1295 voluptate

1 1353 2 1366 .
99 1311 137 1376 ita
148 1309 388 1388 efferebatur,
404 1323 443 1376 ut
460 1331 504 1375 ne
522 1306 667 1399 publicis
686 1306 822 1401 quidem
838 1309 1038 1401 spectaculis
1054 1328 1138 1381 tem·

1 1431 2 1438 ’
100 1436 242 1512 peraret,
257 1444 327 1514 quo
343 1423 455 1486 minus
465 1435 502 1486 et
513 1417 662 1510 tragoedo
677 1422 914 1510 pronuntianti
927 1424 1138 1504 commueret,

102 1547 131 1597 et
144 1546 279 1621 gestum
298 1530 468 1596 histrionis
488 1531 585 1622 quasi
604 1526 746 1596 laudans
765 1528 818 1596 vel
840 1533 1009 1622 corrigens
1024 1532 1140 1624 palem
1202 1553 1205 1560 ⁴

1 1731 2 1740 ἵ
103 1641 278 1732 effingeret.
300 1646 370 1706 Nec
382 1637 448 1706 alia
464 1638 505 1704 de
520 1662 626 1706 causa
642 1637 774 1706 videtur
789 1662 829 1706 eo
848 1638 921 1721 die,
941 1665 1010 1736 quo
1023 1645 1140 1734 periit,

1 1811 2 1860 p
101 1751 308 1845 pervigilium
327 1749 503 1830 indixisse,
523 1773 627 1842 quam
646 1766 684 1816 ut
701 1751 834 1818 initium
853 1753 887 1818 in
907 1775 1045 1820 scenam
1062 1778 1141 1847 pro-
1230 1817 1232 1825 .

1 1875 2 1889 ’
102 1862 221 1932 deundi
243 1862 378 1929 licentia
397 1857 578 1952 temporis³
598 1863 837 1952 auspicaretur.
862 1861 1009 1930 saltabat
1027 1881 1142 1932 autem

1 1952 2 2042 i
102 1996 342 2066 nonnunquam
360 1973 460 2038 etiam
478 1986 596 2037 noctu:
620 1987 653 2036 et
670 1969 843 2064 quondam
861 1988 928 2040 tres
947 1972 1141 2041 consulares

1 2135 2 2146 .
102 2083 244 2152 secunda
257 2081 370 2174 vigilia
382 2083 417 2146 in
433 2079 597 2146 Palatium
608 2082 730 2148 accitos
740 2131 748 2156 ,
758 2079 935 2175 multaque
949 2097 1142 2150 etextrema

1 2213 2 2255 1
102 2209 300 2275 metuentes,
324 2214 426 2283 super
449 2189 618 2282 pulpitum
642 2188 835 2271 collocavit;
856 2189 978 2258 deinde
1001 2209 1141 2284 repente
1199 2203 1203 2212 '

1 2297 2 2348 ἶ
102 2329 218 2397 magno
229 2303 388 2372 tibiarum
401 2317 434 2368 et
444 2299 848 2392 scabellorumlcrepitu,
862 2325 942 2370 eum
953 2302 1043 2394 palla
1054 2307 1141 2372 tuni·

103 2439 201 2510 mque
221 2415 319 2482 talari
342 2411 509 2506 prosiluit,
530 2435 570 2478 ac
591 2411 752 2480 desaltato
771 2417 902 2482 cantico
921 2414 1010 2482 abiit.
1032 2421 1140 2510 Atque

1 2508 2 2574 Ῐ
101 2526 364 2596 hietamdocilis
374 2525 419 2594 ad
432 2542 558 2606 cetera,
576 2541 690 2594 natare
702 2528 828 2594 nesciit

1 2729 2 2732 Ἴ
144 2647 209 2709 LV.
234 2647 390 2729 Quorum
401 2663 481 2707 vero
500 2637 611 2706 studio
626 2653 808 2733 teneretur,
824 2640 980 2708 omnibus
993 2640 1038 2708 ad
1051 2644 1140 2709 insa-

1 2811 2 2815 ,
103 2755 185 2820 niam
196 2753 291 2820 favit.
309 2757 514 2820 Mnesterem
526 2753 774 2842 pantomimum
790 2754 892 2819 etiam
909 2754 997 2820 inter
1012 2770 1141 2846 specta·

1 2911 2 2938 ,
102 2863 172 2931 cula
190 2863 442 2931 osculabatur¹:
462 2886 502 2930 ac
521 2865 548 2929 si
565 2864 641 2956 quis
660 2861 801 2929 saltante
819 2885 859 2929 eo
875 2861 929 2929 vel
947 2862 1066 2930 leniter
1084 2863 1141 2930 ol»

103 2989 275 3068 streperet,
297 2972 426 3041 detrahi
443 2970 579 3065 jussum
597 2962 700 3040 manu
723 2995 784 3039 sua
806 2969 1007 3064 flagellabat.
1029 2975 1142 3066 Equiti

103 3087 249 3151 Romano
264 3081 483 3150 tumultuanti
496 3107 557 3175 per
571 3085 807 3150 centurionem
825 3082 1054 3164 denunciavit,
1072 3083 1141 3152 abi·

1 3221 2 3230 *
103 3213 149 3261 ret
165 3197 237 3260 sine
255 3217 350 3260 mora
364 3195 506 3276 Ostiam,
524 3191 754 3286 perferretque
773 3191 816 3257 ad
835 3189 1069 3257 Ptolemaeum²
1088 3217 1141 3260 re-

134 3428 195 3477 LIV.
222 3443 244 3476 t.
265 3424 351 3475 Threx
369 3435 394 3474 et
407 3423 508 3494 auriga.
528 3425 595 3488 Dio,
641 3441 745 3494 semper
754 3423 912 3475 referebant.
923 3424 1068 3494 Descripsit
1078 3444 1108 3476 ea
1116 3407 1142 3476 et

1 3486 3 3512 i
102 3507 169 3570 ut,
182 3505 206 3558 5.
636 3520 770 3554 'marmore
784 3502 925 3554 illustravit
942 3501 1094 3568 Rubenius,
1108 3503 1142 3554 de

137 3601 158 3636 r.
171 3584 287 3636 &nardi
297 3601 329 3634 uc
339 3577 452 3636 solandi
462 3581 597 3654 voluptate
637 3582 678 3632 tte
691 3581 803 3632 Vestiar.
821 3583 861 3646 11,
882 3598 922 3650 ¹7·
942 3580 1019 3632 cont.
1037 3584 1141 3634 Ernest.

1 3639 2 3672 i
103 3666 139 3714 ita
145 3663 314 3735 efferebatur,
325 3672 373 3713 ete.
384 3661 462 3712 Conf.
470 3661 535 3726 Dio,
544 3658 594 3710 loc.
640 3659 713 3711 Clau.
726 3661 810 3711 OEeer.
823 3659 873 3711 sub
884 3677 942 3710 voc.
953 3657 1100 3712 scabillum.
1108 3689 1143 3702 --

1 3793 2 3796 ,
104 3743 146 3792 cit.
644 3741 708 3790 Cum
719 3737 1143 3810 pulla...protiluit...abiit.llio,

1 3811 2 3850 1
136 3822 160 3873 3.
170 3820 286 3873 Licentia
295 3820 598 3891 tempotis‚noctis,quae
643 3816 693 3867 loc.
707 3819 752 3868 cit.

1 3945 2 3954 ,
106 3899 207 3953 utendas
219 3901 298 3969 tegit,
310 3917 368 3970 quoe
380 3897 449 3950 tollit
461 3897 597 3968 pudorem.
677 3897 731 3948 LV.
748 3914 769 3948 t.
780 3898 964 3950 Mnesterem...
973 3896 1144 3949 emulabatur.

139 3979 161 4044 l.
178 3977 364 4031 Scatettomm.
375 3974 494 4029 Soabella
505 3977 599 4028 instra·
638 3977 720 4030 eant.
733 3978 799 4043 Dio,
809 3979 883 4043 ux,
895 3994 937 4048 ²7·
952 3977 1142 4042 Deliacum,

1 4077 2 4094 2
106 4071 186 4109 menta
196 4071 271 4110 erant
282 4057 464 4128 pneumatica,
477 4073 535 4127 que
545 4055 598 4106 cal-
640 4077 701 4130 eap.
714 4059 758 4110 36.

103 4155 207 4190 osorum
223 4138 305 4190 modo
320 4137 433 4209 pedibus
447 4137 599 4189 saltantium
679 4155 703 4190 r.
730 4137 910 4191 Ptolemaeum.
928 4137 995 4190 vido
1013 4153 1091 4206 supra
1110 4133 1144 4184 ad

105 4215 335 4286 alligataeumdem
344 4235 439 4270 sonum
447 4230 599 4287 crepantem
643 4235 704 4288 sap.
728 4217 767 4270 26.

194 4310 239 4376 ιι.
984 4305 1003 4369 5
1089 4271 1091 4280 ⁴
