3076 5146
266 535 327 601 DE
352 531 575 598 lLLUSTR.
601 529 790 597 GRAMM.
818 533 972 597 LIBER.
1081 527 1147 614 425

95 661 197 742 Sunt,
213 659 271 752 qui
287 656 438 739 tradant,
459 656 502 724 ob
518 656 692 724 infamiam
707 655 878 750 quandam
896 679 974 723 eum
988 658 1023 723 in
1038 656 1149 724 Sardi-

95 775 190 838 niam
202 774 397 852 secessisse,
411 769 524 864 ibique
538 768 628 836 diem
642 769 774 840 obiisse.

141 904 201 966 Vl.
218 906 382 968 nonanus
393 901 543 980 Ouum,
556 901 712 991 Epicurei
724 896 900 992 cujusdam
910 897 1062 980 libertus,
1076 897 1151 965 Phi-

96 1009 290 1104 losophiam
308 1014 436 1105 primo,
453 1009 575 1078 deinde
590 1011 818 1094 Rhetoricam,
838 1013 1017 1078 novissime
1032 1013 1156 1077 Gram-‘

95 1124 257 1188 niaticam
272 1120 395 1188 docuit.
416 1122 562 1187 Dimissa
575 1137 688 1187 autem
702 1119 832 1203 schola,
847 1120 1010 1188 Rutilium
1024 1119 1149 1187 Rufum

96 1230 297 1299 damnatum
323 1235 357 1298 in
383 1236 494 1299 Asiam
523 1247 677 1312 secutus,
705 1228 831 1298 ibidem
857 1236 1008 1326 Smyrnae
1032 1228 1150 1298 simul·

95 1365 164 1434 qne
184 1344 380 1425 consenuit3
404 1345 662 1437 composuitque
686 1345 786 1409 variae
805 1340 1001 1409 eruditionis
1022 1341 1151 1435 aliquot

97 1450 289 1535 volumina,
308 1451 488 1546 exquibus
508 1476 630 1520 novem
649 1456 750 1519 unius
769 1456 936 1545 corporis:
957 1455 1030 1546 qui,
1054 1455 1150 1546 'quia

96 1563 282 1653 scriptores
306 1587 345 1629 ac
368 1579 483 1656 poetas
506 1560 570 1629 sub
593 1562 747 1629 clientela
770 1569 946 1630 Musarum
966 1561 1149 1656 judicaret,

96 1695 166 1738 non
180 1671 329 1740 absurde
342 1691 375 1741 et
387 1675 560 1765 scripsisse
571 1689 604 1740 et
614 1673 733 1740 fecisse
745 1696 780 1739 se
792 1675 839 1738 nit
848 1698 889 1740 ex
901 1695 1043 1741 numero
1057 1675 1153 1740 Diva·

98 1805 176 1848 rum
193 1798 227 1848 et
239 1781 475 1874 appellatione.
496 1780 606 1875 Hujus
625 1806 812 1874 cognomen
829 1786 864 1850 in
882 1782 1052 1876 plerisque
1070 1780 1153 1849 indi-

98 1892 199 1960 cibus
211 1909 245 1960 et
255 1893 360 1961 titulis
375 1919 436 1987 per
446 1919 551 1963 unam
562 1894 714 1962 literam²
728 1898 890 1988 scriptum
902 1892 1150 1963 animadverto:

100 2029 223 2072 verum
241 2009 313 2098 ipse
326 2004 360 2072 id
376 2030 438 2099 per
451 2005 534 2074 duas
550 2007 648 2074 effert
660 2010 695 2073 in
714 2005 936 2098 parastichide
952 2005 1073 2089 libelli,
1093 2011 1152 2100 qui

86 2117 297 2202 inscribitur
311 2120 430 2186 Pinax.

145 2233 223 2296 Vll.
248 2235 296 2297 M.
316 2236 483 2299 Ausonius
502 2234 647 2314 Grnrn0,
664 2235 845 2324 ingenuus,
865 2233 900 2298 in
914 2230 1022 2299 Gallia
1036 2247 1152 2308 natus,

100 2339 161 2408 sed
172 2344 362 2433 expositus;
376 2345 570 2410 enutritura
583 2367 645 2410 suo
658 2347 902 2426 manumissus,
915 2345 1156 2438 institutusque

103 2451 317 2520 Alexandriae
338 2451 492 2548 quidem,
515 2469 552 2520 ut
574 2453 679 2547 aliqui
699 2453 856 2536 tradunt,
878 2457 913 2520 in
934 2444 1156 2521 contubernio

100 2567 256 2656 Dionysii
271 2565 561 2658 Scytobrachionis
576 2563 684 2660 (quod
699 2566 856 2660 equidem
869 2591 937 2634 non
950 2581 1075 2634 temere
1088 2589 1156 2632 cre·

100 2673 261 2755 diderim,
272 2698 378 2769 quum
391 2692 582 2769 temporum
592 2677 676 2743 ratio
686 2678 742 2742 vix
753 2681 932 2767 congruat)
942 2701 951 2756 ;
962 2676 1064 2742 fuisse
1074 2673 1154 2741 dici-

102 2787 434 2877 turingeniimagni‚
446 2789 615 2854 memoriae
626 2785 1156 2877 singularis,necminusGraece,

103 2919 210 2989 quam
223 2899 339 2963 Latine
351 2895 471 2963 doctus
483 2923 489 2962 :
503 2915 666 2988 praeterea
678 2899 765 2962 comi
777 2895 933 2990 facilique
943 2910 1080 2975 natura,
1094 2917 1158 2960 nec

103 3004 670 3101 unquamdcmeroedibuspact'us,
681 3005 898 3099 eoqueplnra
909 3027 948 3070 ex
959 3001 1156 3070 liberalitate

103 3117 307 3186 discentium
324 3135 536 3186 consecutus.
559 3119 679 3185 Docuit
694 3119 842 3209 primum
857 3119 892 3183 in
911 3116 985 3180 Divi
1001 3118 1019 3180 J
1023 3113 1080 3180 ulii
1098 3110 1156 3180 do-

104 3251 180 3311 m0,
194 3229 291 3320 pueri
303 3226 433 3295 adhuc:
451 3227 572 3295 deinde
584 3230 619 3294 in
631 3251 692 3294 sna
706 3228 844 3319 privata.
860 3226 983 3291 Docuit
995 3239 1109 3292 autem
1124 3239 1157 3291 et

106 3439 309 3494 Postumuleius.
329 3443 428 3494 Omnes
447 3443 527 3514 igitur
542 3442 610 3494 idem
657 3440 703 3512 qui
714 3438 862 3510 neglectam
874 3436 1013 3510 ecthlipsin
1024 3438 1092 3489 ferre
1102 3455 1157 3490 non

106 3535 231 3574 neutrum
241 3522 402 3574 babuerunt.
412 3525 469 3593 Ego
479 3523 546 3576 idem
556 3541 611 3574 ma·
655 3534 808 3593 potuerunt.

106 3601 238 3654 seolinum
256 3619 313 3654 esse
327 3615 409 3672 puto,
424 3603 540 3676 ideoque
552 3621 610 3654 mu·
690 3604 733 3653 Vl.
759 3619 781 3652 1.
803 3600 867 3672 Qui,
887 3601 966 3672 quim
984 3600 1035 3652 boe
1054 3614 1111 3666 est,
1129 3614 1158 3654 ut

106 3682 159 3732 tari
172 3682 432 3751 interpunctionem,
447 3681 499 3736 boc
515 3700 609 3735 sensu:
656 3683 717 3753 qui,
730 3683 827 3753 quippe
838 3681 891 3751 qui.
905 3680 985 3731 Vana¹
998 3692 1058 3732 sunt
1070 3698 1160 3731 emen-

106 3759 205 3811 Soeuius
216 3761 345 3826 Nicanor,
364 3763 411 3834 qui
429 3761 498 3814 idem
515 3763 620 3820 Sevius,
656 3760 778 3812 dationes
798 3758 839 3810 vel
859 3758 946 3824 false,
969 3779 1033 3831 quos
1050 3760 1113 3832 quia
1132 3775 1159 3810 et

108 3837 274 3905 Postumius,
287 3857 341 3908 quo
355 3842 429 3910 ipso,
446 3839 547 3912 duplici
561 3859 611 3892 co·
656 3839 793 3911 quiaquia.
802 3837 896 3889 Melius
904 3850 991 3890 tamen
999 3839 1084 3889 oratio
1092 3837 1160 3902 fluit,

108 3920 235 3988 quomine
247 3937 275 3971 te
288 3939 358 3986 csse,
370 3920 480 3974 indicat.
498 3923 535 3974 lta
548 3921 612 3973 ulti·
657 3918 746 3970 deleto
758 3919 817 3990 qui,
831 3931 860 3970 ut
874 3916 954 3970 verba
972 3937 1064 3969 novem
1081 3917 1160 3970 unius

108 4019 149 4051 ma
162 3999 263 4074 syllaba
272 4003 344 4054 vocis
354 4003 502 4056 Postumius
513 4001 613 4074 produ·
657 3999 770 4069 corporis
783 3999 931 4050 referantur
941 3996 975 4050 ed
986 3997 1118 4067 scripsisse.

110 4083 178 4133 citur
197 4081 232 4134 ob
248 4101 373 4135 cursuram
391 4083 515 4134 insertio
534 4082 611 4154 pede.
693 4077 1161 4132 2.Perunamliteram.Gron.con·
1223 4112 1232 4124 .

110 4161 171 4214 Mox
180 4180 241 4214 cum
251 4162 374 4214 Oudend.
386 4173 411 4214 ct
420 4161 503 4213 wolf.
516 4160 612 4214 elibris
654 4161 728 4228 jecit,
735 4175 867 4230 punitam
876 4154 1015 4207 Lliteram.
1024 4152 1074 4205 Sed
1082 4156 1161 4223 gemi-

110 4239 230 4294 dedimus
240 4251 283 4306 at,
298 4243 341 4294 cui
353 4239 542 4294 substituerent
555 4240 611 4306 sed,
658 4241 715 4292 nari
727 4240 806 4292 etiam
818 4239 905 4309 potuit
915 4237 1021 4308 literap
1035 4238 1062 4288 in
1072 4237 1162 4289 nomi-
