3068 5144
381 475 448 542 320
758 467 794 533 G.
820 453 1054 534 SUETONH

375 599 544 667 Continuo
560 595 663 686 igitur
675 589 850 662 obstrusae
868 595 1047 685 gestatoria
1063 589 1330 676 sella¹‚tluobu's
1348 588 1429 662 soba

379 701 574 789 comitibus,
587 707 714 800 pistore
726 715 761 772 et
771 717 899 799 coquo,
914 707 1119 772 aventinum
1133 719 1167 773 et
1179 721 1356 798 paternam
1368 703 1429 772 do-

379 839 474 888 mum
495 817 582 886 clam
602 818 710 909 petiit,
725 831 764 882 ut
781 815 861 883 inde
881 817 923 924 in,
935 820 1152 908 Campaniam
1169 818 1311 909 fugeret.
1329 821 1429 900 Mox,

379 931 445 1001 levi
459 945 594 997 rumore
609 941 643 995 et
656 930 798 1010 incerto,
813 933 975 1022 tanquam
987 951 1053 1020 pax
1067 931 1245 1022 impetrata
1258 943 1365 1014 esset,
1378 953 1430 996 re-

379 1045 459 1112 ferri
478 1067 514 1112 se
528 1045 563 1110 in
577 1039 741 1108 Palatium
756 1061 875 1134 passus
890 1057 941 1108 est
956 1061 963 1110 ε
977 1040 1036 1108 ubi
1051 1063 1157 1136 quum
1168 1040 1302 1109 deserta
1315 1043 1431 1108 omnia

379 1156 574 1248 reperisset,
591 1149 816 1218 dilabentibus
833 1153 948 1234 edant,
967 1153 1025 1246 qui
1044 1149 1145 1219 simul
1163 1165 1275 1234 erant,
1294 1175 1382 1220 zona
1395 1161 1431 1218 se

378 1285 560 1336 aureorum
582 1263 683 1356 plena
705 1261 945 1346 circumdedit;
970 1263 1189 1358 confligitqne
1212 1263 1247 1331 in
1271 1263 1431 1332 cellulam

376 1376 546 1473 janitoris,
567 1373 705 1476 religato
726 1400 789 1469 pro
810 1373 938 1474 foribus
959 1399 1058 1458 cane,
1081 1373 1236 1472 lectoque
1254 1393 1289 1444 et
1310 1375 1430 1444 culcita

380 1487 530 1583 objectis.

426 1600 533 1667 XVII.
557 1601 753 1689 irruperant
769 1587 859 1688 jami
884 1595 1027 1687 agminis
1047 1611 1294 1680 antecessores,
1316 1611 1358 1664 ac
1375 1619 1431 1663 ne-

381 1711 471 1777 mine
486 1708 584 1776 obvio
600 1707 823 1790 rimabantur,
838 1721 877 1775 ut
892 1707 948 1790 fit,
967 1706 1109 1801 singule.
1127 1701 1177 1775 Ab
1191 1706 1244 1774 his
1261 1723 1431 1775 extractus

382 1845 400 1890 e
412 1819 555 1903 latebra,
568 1821 789 1901 sciscitantes,
803 1823 901 1914 «quis
912 1835 1022 1887 essct»
1037 1825 1128 1908 (nam
1141 1820 1388 1912 ignorabatur),
1401 1839 1433 1887 et

385 1954 399 1995 r
411 1931 469 2000 ubi
479 1953 553 2000 esse
561 1929 733 1999 Vitellium
744 1933 884 2015 sciret,r
898 1927 1074 1999 mendacio
1085 1932 1184 1999 elusit
1193 1958 1200 1998 :
1209 1927 1335 1998 deinde
1345 1928 1433 2023 agni·

381 2059 453 2125 tus,
466 2065 584 2133 rogare
598 2065 667 2108 non
683 2035 828 2125 destitit,
843 2044 939 2136 quasi
955 2039 1111 2136 quaedam
1126 2039 1290 2110 desoluto
1308 2047 1433 2134 Vespa·

383 2154 467 2221 sioni
487 2151 657 2236 dicturus,
677 2169 716 2219 ut
738 2149 963 2236 custodiretur
986 2155 1121 2220 interim
1140 2153 1194 2222 vel
1216 2157 1251 2221 in
1274 2174 1432 2221 carcere:

382 2261 491 2332 donec
504 2261 650 2355 religatis
663 2281 739 2357 post
752 2281 845 2356 terga
859 2264 1032 2348 manibus,
1045 2263 1168 2359 injecto
1184 2263 1375 2335 cervicibus
1386 2265 1432 2334 la·

383 2401 487 2474 queo,
504 2391 596 2444 veste
615 2375 770 2460 discissa,
789 2376 986 2445 seminudus
1005 2379 1041 2444 in
1057 2384 1182 2446 Forum
1200 2395 1328 2446 uectus
1344 2393 1433 2460 ²ast,

381 2481 468 2555 inter
479 2506 601 2580 magna
612 2509 726 2555 rerum
739 2486 987 2584 verborumque
1002 2485 1163 2572 ludibria,
1175 2503 1362 2588 perntotum
1373 2490 1432 2556 viar

419 2683 443 2718 a.
464 2655 623 2717 Continuo...
637 2663 761 2719 obstmsus
773 2677 885 2740 portato-
930 2655 960 2733 il,
980 2687 1016 2720 ue
1030 2665 1147 2744 tugurio,
1167 2686 1222 2740 quo
1236 2686 1265 2720 se
1279 2663 1434 2730 abdiderat,

382 2745 421 2797 ria
433 2741 511 2809 sella,
525 2757 575 2795 etc.
585 2738 670 2795 Tacit.
683 2764 705 2797 c.
720 2744 769 2797 85:
785 2745 885 2798 ..vitel-
920 2747 1065 2819 janitoris·
1075 2742 1236 2818 productum
1246 2745 1326 2810 dicit,
1336 2745 1433 2798 rectius

382 2823 448 2892 lius,
460 2836 540 2895 capta
549 2821 635 2890 Urbe,
647 2843 696 2895 per
707 2842 826 2876 aversam
838 2825 885 2876 ea·
929 2843 992 2877 sane
1000 2837 1026 2877 et
1033 2825 1159 2877 Suetonio
1168 2833 1248 2896 atque
1258 2825 1365 2877 veritati
1375 2842 1435 2876 con·

382 2902 439 2955 latii
449 2914 562 2972 partem,
572 2899 766 2953 Auentinumr'rr
777 2901 883 2956 domurn
929 2907 1092 2972 venientius,
1111 2924 1190 2978 quatu
1205 2925 1262 2978 quae
1281 2903 1434 2978 Xiphilinnt

383 2981 471 3034 uxoris
483 2977 578 3034 sellula
591 2979 714 3051 defertur,
727 2994 770 3046 ut,
781 2983 804 3034 si
815 2981 884 3034 diem
930 2976 963 3036 de
981 2971 1089 3050 riarium
1104 2983 1227 3053 sairrrrq'r,
1242 2983 1265 3040 r'r
1280 2976 1301 3054 gi
1315 2983 1434 3054 irpiqrm

382 3053 485 3114 latebra
499 3061 647 3126 vitavisset,
664 3058 834 3112 'l’arracinam
851 3060 886 3114 ad
930 3062 1004 3125 ru'rrr,
1023 3084 1053 3116 ex
1069 3059 1137 3116 male
1150 3063 1286 3116 intellecto
1306 3068 1435 3136 scriptore

383 3137 517 3192 cohortes.
537 3139 699 3212 fratremque
726 3140 884 3212 perfugeret.
929 3141 1032 3195 Latino.
1046 3139 1112 3195 Vide
1124 3141 1237 3194 Casaub.
1252 3141 1287 3195 ad
1298 3143 1353 3195 loc.
1366 3156 1434 3196 nost.

384 3219 469 3283 Dein,
488 3215 636 3268 mobilitate
652 3217 765 3288 ingenii,
784 3230 810 3270 et
827 3238 885 3290 quor
930 3233 957 3272 et
970 3221 1082 3274 Reimar.
1099 3220 1134 3273 ad
1147 3219 1247 3293 Xipbil.

384 3310 480 3350 natura
496 3297 602 3366 pavoris
620 3309 675 3358 est,
697 3315 780 3368 quum
796 3297 886 3348 omnia
966 3299 1045 3350 XVll.
1071 3315 1093 3351 1.
1114 3299 1271 3372 Irruperant
1287 3302 1363 3370 jorn,
1386 3311 1434 3350 etc.

384 3375 512 3425 metuenti
524 3375 661 3442 prasentia
673 3377 785 3427 maxime
796 3371 886 3446 displi-
929 3377 1007 3451 Vulg.
1019 3377 1174 3449 Irruperant
1184 3379 1353 3450 outemjarn,
1367 3390 1417 3429 otc.

384 3463 488 3512 cerent,
501 3450 528 3501 r'rr
539 3451 673 3504 Palatium
688 3456 833 3525 reproditur,
844 3473 886 3506 va·
966 3474 990 3509 a.
1010 3457 1100 3509 Donec
1113 3455 1263 3530 reliqotr's...
1279 3457 1434 3510 manicius...

384 3545 453 3583 sturn
467 3524 666 3600 desertumque,
681 3530 788 3604 dilapsis
806 3534 885 3584 etiam
930 3545 1024 3587 tractus
1035 3547 1079 3588 est.
1089 3535 1173 3587 Tacit.
1184 3533 1201 3586 l.
1212 3554 1236 3587 c.
1251 3535 1376 3587 «Vinctre
1387 3553 1436 3607 po-

383 3607 479 3661 i‘nllmis
494 3608 671 3670 seruitiorum,
687 3621 733 3659 aut
745 3629 885 3664 occursum
930 3631 964 3664 ne
979 3627 1081 3684 tergunt
1101 3630 1208 3676 manus,
1227 3613 1327 3670 laniata
1346 3629 1435 3680 vesto,

383 3688 440 3756 ejus
450 3683 653 3736 declinantibus.
664 3685 757 3739 Terret
769 3689 884 3742 solitudo
929 3685 1029 3740 foedum
1051 3688 1249 3761 spectaculum,
1269 3691 1435 3757 ducebatur,

383 3773 410 3818 ct
425 3771 540 3815 tacentes
554 3760 622 3826 loci,
638 3777 720 3816 tentat
731 3766 835 3831 clausa;
848 3769 884 3820 in·
929 3769 1018 3822 multis
1029 3769 1243 3841 increpantibus,
1254 3769 1331 3823 nullo
1341 3771 1437 3823 illacri-

382 3839 511 3893 horrescit
520 3841 610 3891 vacuis
617 3860 624 3901 ς
638 3841 775 3914 fessusque
788 3849 884 3898 misero
929 3862 1025 3900 mente.
1046 3849 1207 3900 Deformitas
1226 3849 1313 3902 exitus
1332 3849 1435 3902 miseri·

383 3932 487 3984 errore,
506 3927 531 3968 et
542 3919 667 3990 pudendo
687 3919 784 3974 latebra
802 3939 884 3978 semet
928 3929 1044 3980 cordiam
1058 3927 1213 3981 abstulerat.
1225 3951 1236 3976 r
1250 3929 1291 3981 Cf.
1304 3929 1433 4002 xiphilin.

381 3999 532 4064 occultans,
551 3997 585 4050 ob
598 3999 669 4052 lulio
686 4001 807 4072 Placido,
823 4005 882 4058 Tri·
928 4007 944 4059 l.
957 4027 980 4060 c.
992 4006 1080 4060 Aurei.
1091 4007 1192 4074 Victor,
1206 4007 1271 4060 Cres.
1284 4010 1315 4077 8,
1327 4023 1354 4062 et
1364 4011 1434 4082 Epit.

376 4078 452 4131 buno
471 4077 605 4146 cohortis,
625 4079 819 4152 protrahitur.»
840 4084 880 4139 Cf.
927 4085 955 4149 83
969 4086 1080 4160 Eutrop.
1097 4087 1158 4153 Vll,
1177 4105 1223 4150 υς
1241 4085 1355 4162 ioseph.
1370 4086 1432 4141 Bell.

376 4156 478 4229 xiphit.
487 4175 546 4227 cap.
557 4174 599 4209 πο.
609 4158 696 4212 Aurei.
706 4161 806 4229 Victor,
816 4163 878 4216 Cos.
925 4163 987 4218 Jud.
1001 4167 1044 4233 lV,
1063 4183 1103 4234 rt,
1117 4165 1142 4231 4.
