3068 5144
445 546 776 616 vnsmsnnus.
1016 525 1019 534 ’
1069 546 1134 632 ³57
1201 495 1203 506 ¹

85 681 168 749 dum
183 679 390 775 quandoque
401 677 457 772 jus
471 677 562 759 fisci,
577 679 763 768 ingenuum
777 697 813 741 se
827 689 861 741 et
873 673 1053 742 Lachetem
1067 697 1139 741 mu-

86 807 154 858 tato
172 791 312 858 nomine
333 803 480 880 coeperat
495 786 602 867 ferre,
621 793 641 852 d
662 797 768 873 Λάχης,
787 798 894 873 Λάχης,
913 796 977 853 ἐπὰν
992 796 1138 871 ἀποθάνῃς,

85 907 162 975 αὖθις
174 913 285 988 ἐξαφχῆς
297 907 344 986 ’ἔσῃ
359 910 484 987 Κήρυλος.
499 897 645 962 Maxime
659 911 771 961 tamen
785 891 991 962 dicacitatem
1004 895 1141 962 affecta·

85 1011 144 1078 bnt
162 1013 200 1077 in
217 1007 424 1078 deformibus
441 1007 559 1088 lucris,
574 1023 613 1074 ut
628 1005 790 1082 invidiam
804 1005 917 1100 aliqua
931 1005 1140 1074 cavillatione

85 1119 247 1200 dilueret,
262 1117 524 1212 uunsferretque
541 1112 591 1183 ad·
600 1115 699 1184 sales.
715 1115 893 1202 Quendam
908 1141 926 1184 e
940 1118 1024 1184 caris
1041 1119 1140 1183 mini-

87 1232 184 1312 stris,
209 1226 516 1322 dispensationem4
539 1223 691 1308 cuidam,
716 1228 812 1320 quasi
835 1226 947 1310 fratri,
971 1243 1140 1319 petentem

86 1368 196 1439 quum
212 1341 410 1426 distulisset,
430 1344 543 1435 ipsum
557 1338 774 1408 candidatum
786 1336 829 1406 ad
848 1364 885 1408 se
900 1344 1049 1426 vocavit3
1064 1366 1141 1410 exa-

88 1474 213 1551 ctaque
222 1457 364 1547 pecunia
372 1507 387 1548 ,Ἴ
396 1470 558 1548 quantam
567 1455 598 1521 is
609 1475 687 1520 eum
701 1452 921 1546 suffragatore
934 1477 997 1521 suo
1006 1457 1141 1546 pepige-

88 1581 156 1649 rat,
184 1567 258 1632 sine
282 1587 377 1632 mora
402 1561 579 1630 ordinavit.
609 1559 842 1653 Interpellanti
866 1587 945 1630 mox
970 1567 1141 1645 ministro,

93 1674 232 1741 «Alium
247 1673 346 1756 tibi‚„
364 1675 428 1754 ait,
446 1695 583 1766 «quaere
596 1671 735 1738 fratrem
750 1697 757 1736 :
770 1670 841 1754 hic,
856 1697 956 1767 quem
975 1690 1070 1740 tuum
1081 1700 1143 1767 pu-

89 1801 158 1866 tas,
175 1807 273 1851 meus
291 1798 380 1851 est.»
398 1782 586 1850 Mulionem
606 1784 641 1847 in
658 1783 776 1849 itinere
792 1780 940 1877 quodam
954 1787 1142 1876 suspicatus

89 1890 133 1960 ad
150 1891 340 1960 calciandas
359 1891 469 1959 mulas
483 1889 674 1973 desiluisse,
689 1905 728 1957 ut
741 1890 878 1958 adeunti
896 1891 1051 1984 litigatori
1067 1919 1147 1986 spa-

91 2006 177 2071 tium
191 2026 390 2096 moramque
404 2001 585 2094 praeberet,
600 2003 833 2094 interrogavit,
852 2032 865 2062 u
873 2007 998 2090 Quanti
1009 2003 1144 2072 calcias-

28 2196 30 2200 ·
91 2117 162 2182 set?
172 2145 185 2173 u
196 2129 383 2208 pactusque
394 2131 445 2180 est
454 2112 539 2180 lucri
548 2128 688 2205 purtem.
701 2110 971 2206 Reprehendenti
979 2113 1142 2200 filioTito,

91 2223 303 2320 quodetiam
323 2227 428 2292 urinae
444 2223 605 2317 vectigel⁵
623 2241 832 2331 commentus
846 2241 947 2310 esset,
965 2231 1144 2320 pecuniam

92 2361 134 2405 ex
154 2339 263 2429 prima
281 2338 444 2430 pensione
465 2335 614 2404 admovit
630 2333 673 2402 ad
692 2359 807 2417 nares,
827 2335 1013 2424 sciscitans,
1036 2365 1144 2408 anum

93 2449 198 2518 odore
210 2447 481 2532 offenderetur3»
498 2465 532 2516 et
542 2448 600 2516 illo
611 2464 770 2540 negante,
787 2451 927 2543 «Atqui,
938 2481 951 2510 n
963 2452 1087 2546 inquit,
1103 2477 1144 2518 «e

93 2558 175 2626 lotio
187 2573 248 2626 est.
261 2588 274 2617 i
289 2561 494 2625 Nuneiantes
506 2555 670 2650 legatos⁶,
686 2556 877 2626 «decretam
889 2562 919 2626 ei
929 2558 1064 2653 publice
1075 2584 1144 2629 non

129 2745 155 2812 4.
167 2745 391 2816 Dispensationem
399 2767 409 2806 ,·
418 2744 445 2798 li.
458 2764 480 2797 e.
492 2743 599 2817 dispen-
644 2745 684 2796 Cf.
692 2745 795 2796 Ernest.
804 2745 838 2797 ad
844 2745 929 2796 Tacit.
935 2745 1033 2798 Annal.
1041 2749 1090 2816 xl,
1098 2749 1144 2820 32,

95 2827 189 2880 satoris
199 2843 305 2877 munus.
316 2825 464 2887 ordinavit,
475 2825 551 2892 fecit,
562 2827 600 2876 in·
646 2847 657 2871 ι
657 2825 796 2898 jussitque,
802 2824 1147 2882 utBritannicusetOctavia
1195 2835 1197 2842 '

96 2906 181 2957 stituit
191 2904 409 2974 dispensatorem.
550 2945 553 2950 .
642 2905 671 2954 in
687 2903 854 2974 complexum
871 2905 953 2974 patris
967 2920 1120 2978 perperent,¹
1132 2934 1143 2956 s

130 2982 156 3035 5.
168 2981 597 3055 Quodetiamurinoeoectipal,eto.
644 2981 779 3034 Drakenb.
791 2995 817 3033 et
825 2980 923 3033 Duker.
936 2981 970 3033 ud
979 2984 1034 3036 Liv.
1045 2985 1146 3057 XXlll,

96 3060 378 3134 contxtpbilmxvl,
388 3060 428 3130 ¹l·
438 3064 480 3114 An
486 3061 599 3114 fullones
646 3078 688 3126 21,
698 3061 838 3128 etxxxss,
849 3061 888 3112 ιδ.
896 3062 994 3113 Noster
1000 3066 1080 3116 etiam
1086 3067 1145 3120 Tib.

97 3146 170 3196 urina
180 3143 227 3195 illa
236 3145 277 3194 usi
287 3143 396 3208 luerint,
407 3162 442 3195 un
452 3155 551 3195 certum
560 3163 601 3196 ve·
647 3156 694 3207 aa,
708 3164 719 3187 ι
730 3139 872 3206 codicillis,
883 3138 993 3212 quibus,
1003 3153 1033 3194 ut
1044 3144 1148 3216 idface.

97 3221 176 3294 ctigal
191 3222 284 3274 datum
298 3224 343 3286 iis,
361 3225 407 3294 qui
423 3224 450 3275 in
467 3222 601 3294 amphoris
646 3231 695 3286 ret,
702 3220 850 3293 jubebatur.
862 3243 873 3266 ι
887 3221 974 3291 Atque
986 3220 1056 3275 idem
1069 3243 1150 3295 pror-

97 3301 204 3374 publice
214 3301 352 3354 collocatis
359 3304 472 3354 vesicam
480 3321 603 3354 exonera·
646 3316 690 3350 sus
699 3311 751 3365 est,
761 3297 834 3369 quod
842 3297 868 3347 h.
877 3298 1000 3374 ljussit..
1008 3317 1148 3376 ponerent,

1 3397 2 3400 ’
98 3403 123 3435 re
133 3382 247 3444 vellent,
259 3383 398 3433 incertum.
409 3381 476 3434 Vide
488 3381 600 3436 Cesaub.
647 3377 743 3428 omisso
756 3386 792 3426 ut·
803 3375 926 3427 violenta
940 3380 1009 3430 enim
1023 3395 1063 3434 est
1075 3386 1150 3438 crisis

100 3462 130 3514 ad
144 3461 173 3512 h.
186 3460 206 3512 l.
220 3473 246 3512 et
258 3462 371 3512 Reimar.
388 3459 421 3512 ad
432 3460 531 3532 Xiphil.
647 3455 776 3519 Ernestii,
792 3457 837 3527 qui
852 3473 912 3506 cum
927 3456 1079 3514 Burmanno
1094 3465 1151 3517 sine

132 3541 158 3594 6.
181 3539 348 3592 Nunciantes
362 3537 474 3612 dputes,
495 3555 546 3592 ete.
565 3541 603 3592 lta
647 3533 1152 3612 librisdeditponere‚utvulgarisgram.

101 3619 184 3671 codd.
193 3619 297 3689 antiqui
306 3636 405 3669 omnes.
416 3616 457 3668 Al.
469 3617 605 3670 Nuntiun·
648 3617 749 3668 metioae
756 3614 1008 3686 legesservarentur.
1018 3620 1058 3672 Cf.
1067 3625 1151 3678 Tacit.

102 3701 165 3752 tibus
173 3697 279 3772 lequtd,
290 3699 336 3767 qui
347 3715 399 3748 non
411 3696 492 3748 dativi
503 3685 603 3763 essent}
649 3695 745 3747 Annol.
762 3695 835 3762 lllll,
852 3693 896 3760 15,
915 3697 983 3748 «ubi
999 3700 1153 3757 Britannico

99 3776 228 3848 jungendi
241 3774 323 3828 verbo
330 3776 419 3848 jussit,
435 3774 482 3828 sed
499 3775 605 3828 ablativi
642 3773 733 3846 jussit,
744 3783 896 3845 exsurperet,
907 3793 1117 3848 progressusque
1125 3783 1153 3834 in

105 3857 231 3920 absoluti,
255 3873 331 3906 more
355 3855 446 3906 Graeco
470 3857 605 3924 premissi.
652 3851 779 3918 medium,
798 3865 907 3904 cantum
924 3853 1037 3926 aliquem
1054 3859 1153 3932 incipe-

104 3938 164 3987 Post
169 3935 265 4007 jussit,
283 3931 316 3984 al.
336 3943 365 3984 ut
379 3952 429 4003 pro
446 3933 501 3998 vel,
521 3933 605 4006 quod,
652 3945 724 4000 τεῳ
741 3934 788 3985 ubi
802 3933 894 3986 eudem
910 3934 1007 4006 ellipsis
1022 3939 1155 4008 particulae

1 4059 2 4080 p
106 4017 153 4067 nisi
167 4013 289 4065 meliores
305 4011 366 4063 libri
379 4031 410 4064 ex
425 4029 475 4063 usu
490 4011 608 4063 Suetonii
652 4025 694 4081 ut,
710 4027 736 4066 et
745 4017 855 4086 junctus
868 4015 944 4065 etium
958 4014 1061 4069 dativus
1073 4019 1155 4072 verbo

1 4145 2 4164 p
108 4095 258 4148 exhiberent
270 4090 324 4156 vel,
337 4111 391 4144 non
403 4093 608 4164 improbandum
645 4095 746 4169 jubere,
756 4093 829 4166 quod
837 4108 924 4145 tamen
930 4095 1055 4147 Suetonio
1062 4111 1157 4166 praeter
1218 4159 1219 4162 Ἴ

1 4169 2 4216 3
109 4189 181 4238 esset,
189 4192 272 4247 quum
280 4173 609 4243 optimorumscriptorum
654 4167 837 4227 necessitatem
851 4173 949 4225 inferre
962 4173 1060 4243 nolim,
1074 4181 1157 4247 quum
1175 4163 1177 4170 ,

1 4265 2 4326 l
110 4250 609 4327 exempliseaconstructiodelendatur.
655 4251 1159 4310 Coddaccusativumexhibeant.illies

174 4525 183 4556 l
