3054 5152
12 647 13 656 ¹
475 560 731 628 CLAUDIUS.
1064 559 1125 648 ¹37

12 757 14 794 ,
89 697 199 765 minaci
220 708 255 760 et
280 693 473 762 contumaci
498 689 641 783 epistola
666 685 787 758 cedere
809 689 964 781 imperio¹
970 683 1127 780 juberet,

12 799 14 826 '
89 810 245 898 viamque
257 803 446 872 otiosamin
456 803 590 894 privata
600 823 638 868 re
651 823 767 890 agere3
780 797 959 882 dubitavit,
973 797 1129 866 adhibitis

12 897 13 922 ³
88 915 287 1013 principibus
299 918 456 996 viriam
469 912 727 1005 obtemperaret.

126 1033 271 1097 XXXVI.
299 1025 471 1115 Quasdam
490 1023 627 1094 iusidias
647 1041 773 1092 temere
792 1022 920 1092 deletes
933 1021 1019 1091 adeo
1035 1046 1130 1116 expa-

89 1143 142 1221 vit,
156 1155 193 1208 ut
202 1137 377 1232 deponere
389 1139 571 1230 imperium
584 1138 774 1233 tentaverit.
788 1135 959 1222 Quodam,
974 1149 1130 1228 utsupra

88 1250 191 1335 retuli,
206 1275 288 1320 cum
305 1251 397 1320 ferro
410 1251 499 1318 circe
513 1249 759 1318 sacrificantem
778 1273 813 1317 se
832 1239 1063 1343 deprehenso,
1079 1254 1130 1320 Se

89 1378 194 1432 netum
209 1386 273 1456 per
284 1385 461 1458 praecones
476 1385 622 1455 propere
636 1364 849 1445 convocavit,
868 1360 1082 1455 lacrimisque
1095 1377 1130 1428 et

88 1474 316 1542 vocifemtione
329 1461 509 1542 miseratus
527 1491 578 1543 est
596 1473 823 1542 conditionem
837 1496 951 1557 suem,
971 1475 1026 1540 eui
1045 1471 1129 1540 nihil

12 1629 13 1636 κ
90 1587 142 1652 tuti
159 1608 307 1680 usquam
325 1600 432 1670 esset;
454 1608 495 1652 ac
514 1582 573 1651 diu
593 1583 731 1677 publico
744 1583 915 1651 abstinuit.
938 1580 1129 1650 Messalinoe
1230 1653 1232 1660 .

89 1719 212 1790 qnoque
230 1719 387 1764 amorem
407 1693 725 1787 flagrantissimum,
747 1719 817 1762 non
839 1709 910 1762 tam
932 1692 1129 1786 indignitate

90 1806 382 1890 contumeliarum,
408 1833 512 1903 quam
536 1806 677 1901 periculi
698 1817 829 1889 metu¹,
857 1803 995 1900 ubjecit,
1023 1829 1130 1902 quum

89 1916 229 1987 adultero
240 1917 323 1988 Silio
335 1921 462 2014 acquiri
474 1921 654 2012 imperium
666 1917 880 1988 credidisset:
896 1941 964 2013 quo
977 1933 1131 2009 tempore

12 2017 13 2092 l
90 2027 202 2096 loedum
216 2032 252 2097 in
267 2028 411 2097 modum
423 2029 577 2124 trepidus
591 2029 635 2098 cd
653 2046 761 2099 castro
775 2029 941 2122 confugit,
957 2026 1043 2095 nihil
1060 2043 1130 2094 tote

90 2143 150 2222 ria,
163 2165 289 2236 quam,
304 2157 436 2212 essetne
451 2141 515 2210 sibi
526 2142 659 2210 salvum
671 2144 869 2236 imperium,
885 2143 1083 2234 requirens:

12 2269 13 2312 3
128 2256 293 2321 XXXVII.
319 2252 419 2321 Nulla
431 2253 517 2322 adeo
531 2256 692 2347 suspicio,
707 2252 822 2320 nullus
834 2268 952 2319 auctor
962 2268 1031 2318 tam
1045 2250 1129 2318 levis

93 2367 216 2449 exstitit,
231 2390 255 2432 a
269 2390 337 2460 quo
351 2390 435 2450 non,
452 2366 613 2434 mediocri
627 2363 786 2459 scrupulo
802 2361 940 2455 injecto,
954 2360 998 2430 ad
1013 2385 1130 2430 caven·

92 2473 161 2543 dum
176 2475 480 2573 ulciscendumque
498 2477 766 2571 compelleretur.
787 2480 884 2550 Unus
903 2499 945 2543 ex
960 2473 1131 2568 litigatori-

93 2584 145 2655 bus
156 2587 297 2656 seducto
312 2591 349 2656 in
361 2587 559 2657 salutatione
569 2588 766 2670 affirmavit,
778 2585 900 2656 vidisse
915 2609 952 2654 se
965 2609 1027 2679 per
1038 2586 1130 2681 quie-

12 2725 14 2748 *
93 2714 165 2782 cm,
179 2700 290 2770 occidi
311 2726 389 2788 eum
404 2699 608 2797 aquodam:
625 2681 704 2770 dein
717 2700 820 2794 paulo
837 2715 930 2794 post,
945 2700 1041 2794 quusi
1055 2721 1129 2790 per-

93 2831 252 2879 mssorem
275 2827 493 2904 agnosceret,
516 2811 669 2884 libellum
689 2809 877 2880 tradentem
900 2807 1129 2877 adversarium

12 2941 13 2944 ’
94 2944 179 2989 suum
192 2920 454 3006 demonstravit3
467 2923 710 3020 confestimque
723 2927 751 2992 is
766 2947 829 3017 pro
843 2919 1070 3015 deprehenso¹
1085 2919 1128 2986 ad

93 3055 213 3124 ponem
230 3051 348 3128 raptus
364 3051 424 3102 est.
444 3038 518 3102 Pari
530 3034 633 3104 modo
644 3058 845 3129 oppressum
856 3033 970 3100 ferunt
982 3033 1129 3124 Appium

12 3155 13 3162 ’
94 3141 270 3213 Silanum¹:
287 3169 390 3242 quem
400 3171 507 3240 quum
518 3146 700 3215 Messalina
712 3163 745 3215 et
758 3147 932 3213 Narcissus
944 3144 1130 3234 conspiras-

12 3409 13 3422 *
122 3405 235 3458 XXXVI.
254 3423 277 3458 1.
291 3367 355 3458 Non
372 3403 483 3459 tum...
504 3425 583 3479 quam
627 3399 1130 3481 praetoriascohortas,securitatiante,

94 3483 193 3552 periculi
205 3496 289 3538 metu.
300 3484 380 3555 Apud
390 3487 474 3538 Tacit.
487 3483 583 3537 annal.
603 3503 608 3521 ⁶
629 3507 708 3562 quam
732 3484 854 3539 vindicte
877 3481 1037 3536 consuleret.
1062 3481 1130 3534 Satis

12 3619 13 3622 ,
95 3562 139 3629 Xl,
155 3564 202 3630 31,
216 3567 287 3617 inter
304 3563 356 3616 alia
370 3566 510 3617 Narcissus
523 3583 584 3617 enm
628 3560 750 3630 constat,¹
764 3580 908 3634 eopavore
921 3561 1037 3613 offusum
1051 3559 1131 3612 clau-

12 3641 14 3722 ,
95 3655 190 3694 ncnets
210 3644 267 3696 «Ni
287 3661 403 3715 propere
421 3645 492 3714 egis,
512 3655 585 3696 tenet
629 3643 718 3711 dium,
734 3655 764 3694 ut
779 3639 923 3694 identidem
940 3631 1131 3710 interrogaret,

12 3741 13 3790 ,
96 3720 182 3774 Urbem
201 3724 322 3775 maritus.
342 3715 479 3792 Tum⁴(ita
498 3724 587 3794 pergit
628 3742 664 3776 an
683 3725 736 3794 ipse
756 3722 859 3793 imperii
877 3731 984 3792 potens,
1002 3739 1038 3771 an
1051 3717 1132 3772 Sittio

12 3837 13 3872 ἕ
96 3802 586 3874 scriptor)potissimumquemqucemi·
625 3804 847 3876 privatuesseta

12 3879 13 3926 ζ
97 3897 176 3934 eorum
187 3895 281 3946 vocat3
296 3884 465 3955 primumque
475 3884 514 3935 rci
526 3884 585 3936 fru-
663 3882 793 3934 xxxvlt.
803 3878 1132 3952 t.Prodepreltenso‚·tam-

12 3955 13 4014 l
96 3965 215 4016 neuneu
226 3964 397 4034 prefectum,
409 3963 585 4030 Turranium,
630 3979 709 4034 quam
722 3960 904 4032 deprehensus
917 3971 1023 4012 eti-eus.
1196 4023 1201 4032 Ι

12 4055 13 4058 ’
96 4053 149 4109 post
164 4044 270 4096 Lusium
288 4043 400 4108 Getam,
419 4043 584 4114 pretorianis
667 4059 691 4094 π.
703 4041 822 4114 Appium
834 4039 965 4094 Silanum.
976 4037 1043 4090 Vide
1052 4056 1076 4089 c.
1089 4055 1130 4107 ²9·

12 4125 13 4176 ζ
97 4118 251 4190 impositum,
268 4132 467 4194 perctmctatur.
480 4121 585 4190 Quibus
629 4119 776 4174 Messalinae
789 4133 816 4172 et
828 4120 961 4186 Narcissi,
977 4133 1056 4189 quem
1073 4116 1132 4188 Ap-

12 4193 13 4206 *
97 4197 242 4270 fetentibus,
252 4203 375 4255 certatim
385 4202 467 4254 ceteri
476 4203 587 4254 circum·
628 4202 717 4274 ριάπω
730 4199 806 4253 cedis
821 4198 968 4251 molitorem
986 4207 1064 4247 vocat
1076 4195 1132 4248 Ta-

98 4290 219 4354 nepum,
236 4284 289 4336 irat
307 4285 335 4336 in
354 4295 455 4349 cesos,
472 4281 586 4334 limeret
630 4282 675 4332 eit.
689 4279 787 4332 Annal.
799 4279 853 4343 xl,
868 4295 919 4347 29,
932 4273 1068 4329 machinas
1082 4273 1132 4328 de·
