3076 5146
96 553 1148 580 Ufflmwmmmfflmmmmmm

334 743 335 748 '
407 732 775 831 EXCURSUS
819 740 841 830 Ι

314 973 381 1042 sn
409 971 747 1060 usuruunntn,
775 973 860 1044 cn.
891 971 924 1043 s.

611 1243 617 1252 a

94 1471 192 1560 Arno
205 1508 321 1560 bibentes
332 1505 457 1578 lepioues,
471 1517 522 1558 etc.
538 1501 639 1557 Contra
651 1501 822 1571 Suetonium,
836 1497 885 1575 pro
902 1501 987 1556 Plinio
1000 1517 1025 1556 et
1038 1503 1148 1574 Tacito,

94 1589 195 1640 acriter
206 1586 325 1658 disputat
337 1585 454 1656 Lipsius,
463 1584 572 1636 Excurs.
590 1582 624 1635 50
636 1581 670 1634 ad
682 1582 765 1634 Tacit.
779 1582 875 1634 Annal.
889 1585 915 1650 l,
929 1583 973 1652 qr,
984 1587 1093 1657 ejusque
1106 1605 1149 1638 ra-

94 1667 187 1718 tiones
205 1665 325 1718 refellere
344 1676 476 1716 conatur:
494 1681 602 1734 parum,
622 1675 652 1713 ut
671 1664 776 1732 opinor,
794 1657 916 1716 feliciter.
937 1663 1064 1732 Quaedam
1082 1684 1105 1718 e.
1124 1684 1148 1718 c.

95 1745 246 1800 videamus.
263 1748 361 1815 Negat,
380 1742 459 1814 vulgo
472 1761 527 1793 non
541 1755 620 1794 notos
636 1742 718 1794 luisse
737 1741 839 1793 natales
857 1742 994 1814 Caligulae,
1009 1757 1088 1815 atque
1102 1763 1149 1797 au-

95 1844 160 1878 sum
170 1832 230 1879 'esse
243 1843 416 1899 quemquam,
430 1826 458 1876 in
470 1822 589 1877 versibus
603 1836 657 1874 tam
669 1821 837 1894 impudenter
848 1826 962 1876 mentiri.
975 1825 1149 1896 Respondes:

95 1908 119 1958 si
136 1908 177 1957 vir
190 1909 276 1978 gravis
295 1921 389 1958 auctor
403 1916 485 1971 esset,
504 1923 559 1956 nou
577 1905 692 1966 facerct;
710 1901 756 1955 sed
772 1901 800 1953 hi
818 1921 910 1956 versus
929 1919 991 1956 sunt
1010 1892 1148 1959 sidium.

94 1983 173 2054 Quid
189 1999 277 2038 autem
292 1998 377 2057 poeta
393 2002 448 2036 non
466 1981 565 2035 audent
581 1980 743 2034 adulationis
758 1983 871 2033 caussa?
888 2001 968 2054 qnam
983 1984 1151 2056 impudenter

95 2065 125 2116 in
143 2066 256 2136 privatis
272 2063 453 2117 mentiuntur?
471 2075 570 2134 quanto
589 2061 649 2132 plus
669 2077 731 2130 ergo
750 2061 777 2110 in
795 2061 970 2133 principibus.
997 2065 1104 2116 Tacitus
1124 2079 1151 2118 et

95 2143 216 2217 Plinius,
229 2147 332 2217 inquit,
343 2144 449 2216 copiam
461 2153 488 2192 et
499 2159 590 2193 curam
603 2139 835 2212 inspiciendorum
847 2154 967 2194 actorum
981 2160 1037 2194 non
1049 2142 1151 2197 babue-
1192 2157 1195 2168 ¹

95 2227 182 2277 runt'l
191 2224 302 2296 Copiam
314 2223 419 2297 quidem
431 2220 597 2273 habuerunt:
611 2221 753 2272 Suetonius
765 2221 919 2286 maximam,
931 2235 961 2274 ut
972 2225 1017 2293 qui
1027 2224 1150 2296 publicas

94 2305 233 2357 Caesarum
246 2305 345 2357 litteras
358 2304 487 2355 tractavit.
498 2302 596 2353 Curam
610 2299 731 2372 quidem,
744 2302 772 2352 in
782 2300 834 2352 boc
847 2303 948 2373 capite,
960 2323 1014 2355 nun
1025 2304 1151 2360 babuisse

95 2384 137 2436 illi
153 2384 292 2451 ridentur,
307 2385 407 2436 cessuri
423 2382 523 2452 alioqui
541 2379 708 2451 publicarum
723 2379 868 2432 litterarum
883 2386 1049 2451 auctoritati,
1067 2387 1089 2437 si
1108 2405 1150 2439 re-

95 2466 246 2536 perissent,
260 2467 286 2516 in
298 2463 447 2517 Germanici
459 2475 484 2513 et
496 2461 599 2512 Fonteii
613 2459 755 2511 consulatu
771 2462 843 2512 Antii
856 2475 947 2512 natum
960 2461 1052 2515 Caium
1067 2465 1150 2518 Creta·

96 2563 164 2598 rem.
180 2545 232 2598 Sed
245 2547 352 2598 Tacitus
369 2542 475 2616 quidem
488 2559 543 2593 non
555 2540 661 2606 scribit,
677 2539 751 2612 quod
763 2543 820 2611 ipse
833 2540 866 2593 de
880 2543 1013 2595 natalibus
1025 2544 1150 2618 Caligula

97 2627 213 2690 sentiat,
226 2625 274 2678 sed
284 2625 347 2698 quid
356 2623 449 2694 vulqus
461 2621 598 2675 hominum
612 2620 719 2687 dixerit,
732 2619 804 2691 quod
815 2625 901 2693 potuit
913 2635 1022 2695 propter
1032 2625 1151 2679 multitu·

97 2705 191 2758 dinem
204 2706 348 2759 liberorum
358 2704 508 2758 Germanici
517 2721 613 2758 errare.
624 2702 759 2754 Mittamus
768 2715 872 2771 cetera,
884 2721 942 2774 quse
951 2705 1078 2779 pleraque
1088 2721 1152 2760 sunt

96 2783 225 2856 fingentis
237 2787 344 2858 potius,
360 2801 439 2855 quam
449 2782 586 2848 docentis,
598 2795 643 2832 ut:
659 2779 723 2853 quid
737 2782 759 2832 si
772 2799 803 2833 ec
819 2799 890 2833 anno
905 2801 938 2834 ue
951 2784 1058 2855 quidem
1071 2799 1151 2840 natus

97 2865 240 2937 Caligula,
255 2865 301 2919 sed
316 2864 408 2936 paullo
425 2865 502 2916 antei
521 2875 566 2916 aut
582 2860 673 2934 paullo
689 2863 769 2932 post?
789 2861 854 2933 quid
871 2865 894 2915 si
909 2862 1018 2917 absente
1034 2878 1109 2937 patre
1123 2868 1151 2918 in

97 2949 196 2999 castris
210 2961 288 3001 natus
304 2960 357 3012 est,
373 2944 467 2997 relicta
483 2947 510 2996 in
525 2945 669 2997 Germania
686 2943 849 3014 Agrippina,
863 2946 953 3014 partui
969 2947 1074 3000 vicinat
1087 2946 1151 3016 quid

98 3026 140 3093 si,
156 3044 214 3097 quae
228 3027 255 3077 in
267 3029 332 3078 actis
344 3025 378 3077 de
389 3024 446 3076 Caii
461 3021 593 3075 natalibus
608 3025 706 3093 scripta
720 3035 812 3086 erant,
829 3019 863 3071 ad
875 3021 955 3073 aliurn
969 3024 1152 3092 pertinebant?

97 3107 126 3161 Si
144 3108 243 3160 talibus
258 3105 453 3178 quaestiunculis
468 3103 577 3156 velimus
594 3101 742 3155 convellere
755 3103 937 3153 auctoritatem
955 3118 980 3155 et
996 3103 1074 3155 lidem
1092 3103 1152 3158 dili·
1242 3142 1246 3153 .

97 3189 248 3260 gentissimi
261 3189 413 3260 scriptoris,
429 3188 474 3258 qui
487 3182 618 3249 ostendit,
633 3201 661 3236 se
673 3182 707 3234 de
720 3201 747 3234 re
761 3183 811 3233 ista
824 3199 926 3234 summa
938 3201 1001 3235 cura
1014 3185 1150 3256 quesisse,

99 3267 168 3321 nihil
178 3272 235 3339 jorn
250 3270 313 3336 erit,
331 3267 403 3340 quod
416 3286 469 3318 nou
482 3263 594 3317 dubium
605 3263 680 3316 reddi
692 3264 785 3335 possit.
802 3264 868 3314 Ecce
880 3280 960 3329 vero,
977 3267 1093 3337 exoritur
1107 3264 1151 3319 bic

100 3351 183 3401 etism
196 3351 304 3420 Pagius,
317 3349 379 3400 Crit.
391 3349 487 3400 Baron.
500 3345 535 3396 ad
549 3365 572 3397 a.
585 3343 614 3396 C.
628 3345 677 3409 Xl,
687 3361 713 3394 n.
727 3343 758 3407 3,
769 3343 813 3413 qui
823 3341 935 3395 Plinium
948 3344 1054 3415 quidem
1064 3348 1151 3398 etTa—

99 3430 186 3482 citum
199 3446 259 3480 cum
272 3429 379 3500 Lipsio,
394 3425 440 3479 sed
455 3426 533 3477 etiarn
548 3425 703 3477 Suetonium
718 3421 886 3494 (quanquam
900 3441 955 3475 non
970 3424 1046 3476 video
1059 3443 1111 3496 qua
1123 3428 1152 3479 iu

100 3527 145 3574 re,
167 3507 291 3581 quando,
311 3527 368 3580 quae
384 3506 464 3571 dicit,
479 3507 568 3557 omnia
587 3503 614 3555 in
634 3503 752 3574 Lipsiutn
769 3503 858 3574 potius
879 3515 905 3554 et
923 3503 1051 3572 Plinium,
1071 3523 1151 3576 quarn
1237 3556 1244 3569 ,

100 3589 260 3641 Suetonium
275 3588 452 3659 conveniunt)
465 3585 656 3638 hallucinatum
672 3581 771 3634 scribit.
790 3582 934 3649 Quomodo
951 3581 1036 3657 ergo?
1051 3585 1150 3638 «Caius

102 3667 174 3736 allo,
188 3668 291 3739 inquit,
306 3670 334 3719 in
346 3665 406 3720 loco
419 3668 541 3737 genitus,
556 3663 609 3716 alio
623 3665 651 3714 iu
667 3662 727 3714 loco
740 3675 827 3714 natus.
840 3661 934 3715 Incidit
950 3666 1006 3734 ejus
1022 3665 1110 3717 natale
1123 3667 1150 3717 in

102 3747 173 3800 diem
191 3747 312 3799 ultimum
327 3749 439 3818 Augusti
457 3747 571 3811 mensis,
587 3743 746 3794 Germanico
760 3754 786 3793 et
803 3743 914 3794 Fonteio
933 3761 1016 3810 coss,
1034 3742 1151 3815 ideoque

103 3845 197 3880 mense
216 3829 319 3882 circiter
335 3826 447 3882 Octobri
465 3827 527 3878 anni
546 3821 740 3886 antecedentis,
760 3839 814 3893 quo
833 3819 1004 3874 Germanicus
1019 3821 1106 3874 adhuc
1123 3825 1150 3876 in

101 3908 245 3960 Germania
264 3920 335 3974 erat,
350 3918 506 3979 procreatus
526 3917 583 3956 est:
601 3905 691 3973 sicque
706 3915 828 3954 accurate
841 3903 950 3953 Tacitus
968 3904 1018 3968 ait,
1034 3900 1105 3952 bunc
1121 3903 1149 3953 iu

103 3988 199 4040 eastris
209 3989 324 4058 genitum
336 4002 362 4041 et
376 3990 403 4040 in
415 3986 591 4039 contubernio
603 3981 737 4053 legionum
752 3980 885 4034 eductum.
900 3983 938 4033 Ex
953 3981 1048 4053 quibus
1062 3993 1150 4034 tamen

103 4066 193 4120 verbis
214 4087 351 4140 perperam
375 4069 456 4119 infert
475 4067 594 4136 Lipsius,
616 4064 779 4116 existimasse
799 4063 938 4126 Tacitum,
962 4064 989 4112 in
1009 4061 1150 4112 Germania

103 4147 200 4200 Caium
212 4161 301 4202 uatum
312 4167 377 4202 esse.
386 4145 516 4201 versiculi
526 4163 587 4198 vero
600 4143 699 4197 laudati
711 4161 797 4216 neque
808 4145 847 4210 ei,
858 4159 946 4213 neque
955 4139 1039 4192 Plinio
1049 4141 1149 4193 lavent.

63 4257 66 4261 ·
104 4229 136 4279 ln
151 4231 242 4282 castris
258 4233 325 4283 enlm
341 4244 419 4284 natus
433 4229 503 4283 idem
517 4239 573 4294 est,
589 4223 661 4298 quod
674 4225 701 4277 in
713 4226 806 4278 castris
817 4224 938 4294 genitus,
952 4219 1089 4293 quomodo
1103 4239 1150 4272 sos
