3076 5146
365 555 451 656 422‘
742 555 778 617 o.
803 552 1037 619 sunrouu

366 679 453 747 dinis
468 695 601 776 ternpus
610 729 619 762 ‚
628 677 793 772 plurimas
805 696 937 776 &spasmo
948 680 1091 754 subinde
1102 681 1198 776 fecit,
1212 657 1409 778 assidueque

366 788 538 876 disseruit,
558 813 598 858 ac
615 793 740 858 nostris
754 792 909 886 exemplo
928 792 993 859 fuit
1005 791 1049 860 ad
1068 790 1279 861 imitandum.
1297 797 1409 862 Hacte

366 925 431 968 nus
451 916 564 968 tamen
580 904 717 984 imitati,
739 917 776 968 ut
795 904 946 974 carmina
962 927 1083 995 parum
1099 901 1211 972 adhuc
1227 901 1409 996 diuulgata,

367 1011 421 1080 vel
435 1012 674 1080 defunctorum
688 1016 893 1094 amicorum,
908 1013 961 1080 vel
977 1017 1005 1080 si
1020 1038 1166 1109 quorum
1179 1013 1324 1082 aliorum
1338 1039 1413 1107 pro-

366 1124 518 1205 bassent,
529 1122 723 1216 diligentius
735 1140 956 1198 retractarent
966 1178 974 1208 ,
986 1149 1029 1196 so
1037 1124 1179 1220 legendo
1189 1143 1412 1226 commentan-

367 1234 479 1329 doque
503 1237 604 1301 etiem
628 1238 747 1302 ceteris
770 1252 850 1303 nota
872 1235 1042 1303 lucerent:
1069 1237 1413 1305 utCnrus0crsv1us

367 1350 541 1414 Leusinio
555 1348 659 1412 Naevii
671 1348 835 1414 Punicum
850 1345 996 1430 bellum,
1009 1346 1101 1442 quod
1118 1347 1371 1418 unovolumine
1384 1365 1416 1415 et

369 1459 552 1524 continenti
569 1459 735 1550 scriptura
748 1461 958 1550 expositum,
976 1457 1088 1527 divisit
1101 1459 1136 1526 in
1151 1475 1282 1552 septem
1295 1457 1413 1526 libros:

369 1582 407 1634 ut
420 1584 537 1660 postea
550 1573 700 1654 Qururus
712 1575 948 1640 Vincuurntus
960 1569 1099 1638 annales
1114 1572 1214 1637 Ennii
1224 1594 1335 1666 ,quos
1349 1593 1416 1638 ccr-
1529 1603 1531 1642 r

369 1680 410 1744 tis
430 1675 549 1744 dicbus
566 1680 600 1744 in
617 1703 739 1770 magna
752 1678 942 1773 frequentia
954 1678 1218 1772 pronunciabat:
1238 1695 1277 1746 ut
1292 1684 1416 1748 linctus
1530 1677 1531 1756 i

370 1795 581 1868 lucentius,
603 1791 761 1867 vecutus,
779 1792 930 1873 Quutrus
947 1791 1179 1856 Pnuocouus¹
1202 1787 1323 1856 Lucilii
1342 1792 1416 1856 sati-

320 1945 324 1952 ·
370 1923 440 1977 ras,
455 1899 627 1969 familiaris
638 1901 708 1981 sui;
723 1923 808 1996 quas
822 1897 942 1996 legisse
955 1921 991 1968 se
1005 1897 1097 1994 apud
1108 1897 1310 1973 Archelaum
1323 1905 1416 1972 Porn-

371 2013 467 2107 peius
483 2015 645 2093 Lenaeus,
660 2009 752 2106 opud
768 2009 999 2086 Philocomum
1015 2009 1167 2084 Valerius
1183 2013 1282 2094 Coto,
1299 2009 1417 2106 praedi.
1531 2037 1532 2040 =

372 2139 460 2192 cant.
477 2126 714 2196 Instrurerunt
727 2139 963 2220 auxeruntque
977 2119 1020 2192 ab
1034 2124 1126 2190 omni
1142 2137 1237 2218 parte
1249 2124 1417 2192 Gramma·
1501 2173 1502 2178 η

371 2237 491 2318 ticam,
506 2239 631 2306 Lucius
644 2237 753 2304 AEttus
770 2239 980 2314 luuuvtuos,
996 2253 1099 2326 gener
1112 2235 1228 2319 Quinti
1241 2231 1334 2314 AElii,
1347 2234 1417 2302 Sen-

372 2366 447 2411 vrus
455 2347 616 2434 peonius,
629 2358 771 2442 uterque
783 2346 893 2438 Eques
906 2347 1094 2426 Romanus,
1107 2341 1274 2438 multique
1285 2365 1327 2412 sc
1336 2343 1417 2412 varii

374 2473 408 2528 et
418 2457 454 2522 in
466 2453 619 2526 doctrino
631 2471 666 2526 ct
676 2456 712 2524 ‘tn
722 2452 904 2550 Republica
917 2476 1011 2524 usus.

421 2587 483 2650 111.
507 2587 545 2649 L.
563 2588 674 2655 AEttus
692 2585 890 2675 cognomine
908 2580 1034 2674 duplici
1050 2580 1130 2650 luit:
1147 2603 1228 2652 nam
1243 2596 1277 2648 et
1294 2584 1420 2650 risco

376 2717 487 2780 ninus,
500 2691 593 2790 quod
603 2710 699 2787 pater
711 2691 786 2787 ejus
800 2696 1008 2787 praeoonium
1021 2692 1165 2776 fecerat,
1179 2691 1377 2774 vocabatur,
1389 2708 1421 2758 et

376 2811 492 2890 Sruo,
513 2804 605 2903 quod
623 2809 791 2878 orationes
810 2805 1019 2879 nobilissimo
1037 2807 1163 2904 cuique
1180 2803 1327 2877 scribere
1343 2802 1421 2872 sole

375 2917 458 2990 bat:
483 2934 597 2989 tantus
619 2921 821 3011 optimatum
844 2917 972 3002 mutor,
997 2931 1038 2990 ut
1057 2918 1222 3003 Quintum
1247 2913 1421 2988 Metellum

376 3028 594 3102 Numidicum
615 3031 652 3102 in
676 3028 832 3100 exsilium
856 3031 1035 3100 comitatus
1058 3029 1113 3100 sit.
1137 3028 1292 3109 Sentius,
1318 3049 1422 3120 quum

374 3139 502 3212 librum
513 3141 621 3211 soceri
632 3139 787 3216 nondum
799 3138 926 3212 editum
938 3136 1059 3211 fraude
1072 3139 1322 3230 intercepisset,
1338 3153 1372 3208 et
1382 3134 1423 3206 ob

376 3247 443 3317 hoc
460 3247 671 3342 repudiatus,
692 3250 821 3343 pudore
835 3275 875 3319 ac
890 3249 990 3322 taedio
1006 3251 1201 3320 secessisset
1211 3245 1254 3318 ab
1268 3246 1377 3331 Urbe,
1390 3247 1422 3314 in

377 3356 536 3452 podagrae
555 3359 713 3430 morbum
736 3359 871 3431 incidit:
894 3358 991 3454 cujus
1012 3360 1193 3453 impatiens
1211 3379 1344 3432 veneno
1367 3355 1424 3426 sibi

376 3473 537 3562 perunxit
546 3469 670 3563 pedes,
682 3488 716 3544 ct
731 3473 865 3546 enecuit
877 3474 939 3554 ita,
956 3488 995 3544 ut
1005 3488 1104 3565 parte
1119 3494 1160 3544 co
1171 3472 1323 3562 corporis
1334 3469 1425 3563 qussi

378 3598 584 3674 praemcrtus
599 3584 730 3654 vixerit.
746 3587 826 3653 Post
841 3582 907 3652 hoc
922 3583 1031 3675 magis
1045 3605 1086 3654 ac
1101 3581 1208 3672 magis
1224 3594 1260 3648 et
1276 3580 1384 3671 gratis
1396 3595 1427 3644 et

377 3693 725 3776 commiscerent,
740 3709 780 3764 ut
792 3717 836 3768 ne
847 3691 1024 3766 clarissimi
1035 3689 1174 3787 quidem
1183 3690 1249 3760 viri
1259 3688 1426 3761 abstinue-

377 3805 461 3887 rint,
480 3803 685 3897 'quominus
704 3819 738 3874 et
758 3805 822 3895 ipsi
840 3801 967 3899 aliquid
985 3799 1305 3881 decumberent,
1325 3815 1425 3892 utque

411 4017 443 4069 ll.
469 4035 491 4068 t.
517 4016 635 4082 Verrius,
657 4015 768 4086 Quintus
786 4013 881 4068 Philo-
925 4016 1102 4082 Philooonto‚
1128 4014 1247 4087 proxime
1271 4024 1312 4065 est
1334 4027 1436 4078 sermo..

377 4113 472 4149 comus.
487 4094 634 4149 Probabilis
649 4094 798 4148 emendatio
812 4097 881 4149 Gro-
925 4091 999 4146 ldcm
1017 4091 1204 4158 mansuetior,
1220 4091 1268 4141 ¹11·
1285 4089 1369 4142 AElins
1381 4088 1427 4140 Ias-

376 4175 472 4242 nosii,
510 4175 663 4247 Vectinsque
699 4173 876 4228 Philocomus.
924 4175 1056 4240 nuvious,
1076 4187 1211 4244 generque
1229 4168 1307 4240 AElii·²
1326 4167 1428 4222 Servius

377 4256 417 4308 Dc
437 4254 543 4308 (luobus
564 4270 685 4322 tanturn,
707 4254 835 4309 Archelao
853 4268 880 4307 et
925 4253 1064 4308 clodius...
