3076 5146
431 524 496 616 398
803 521 839 592 C.
865 520 1099 590 SUETONII

428 665 704 744 stupratoresque
725 650 827 740 virgis
850 650 885 720 in
905 651 1048 720 Οοιιιίιίο
1066 649 1110 720 ud
1125 673 1247 720 necem
1264 649 1345 726 caedi
1356 654 1392 736 ¹⁵,
1409 678 1455 724 er·

427 777 526 853 cepto
539 759 697 852 pretorio
709 759 783 826 viro
792 755 830 840 ¹⁶,
844 761 916 842 cui,
932 757 1035 828 dubia
1048 762 1234 828 etiamtum
1244 784 1358 847 causa,
1371 780 1402 830 et
1412 765 1454 834 iu·

427 873 527 942 certis
545 868 787 966 qtraestionibus
804 885 906 964 atque
924 874 1118 956 tormentis,
1137 871 1179 941 de
1198 890 1304 942 semet
1320 874 1455 965 professo

427 980 583 1050 exsilium
596 977 746 1048 indulsit
760 983 807 1046 dc
819 1003 862 1046 ne
879 1003 947 1073 que
959 979 1076 1072 religio
1088 987 1197 1050 Deum
1208 984 1344 1075 impune
1356 1001 1455 1060 eonta-

427 1093 631 1173 minaretur,
654 1103 930 1173 monumentum,
949 1090 1041 1185 quod
1065 1091 1206 1162 libertus
1229 1089 1303 1186 ejus
1320 1117 1339 1160 e
1354 1092 1455 1186 lepidi·

426 1201 510 1286 bus,
524 1200 651 1296 templo
663 1200 841 1294 Capitolini
852 1205 945 1272 Jovis
958 1200 1149 1287 destinatis,
1164 1202 1234 1272 filio
1246 1219 1453 1289 exstruxerat,

426 1311 531 1382 diruit
549 1337 611 1406 per
631 1309 769 1398 milites,
792 1336 945 1408 ossaque,
959 1329 993 1382 et
1016 1313 1194 1410 reliquias,
1217 1339 1294 1410 quae
1322 1319 1453 1398 ineram,

426 1428 511 1492 mari
524 1425 650 1492 mersit
1314 1448 1319 1454 ·

473 1541 529 1604 IX.
556 1541 648 1602 Inter
660 1535 753 1601 initia
767 1555 875 1631 usque
886 1535 972 1602 adeo
984 1535 1133 1604 abomi
1147 1534 1239 1605 coede
1251 1536 1453 1623 abhorrebat,

425 1662 481 1730 ut,
493 1645 632 1714 absente
645 1641 756 1712 adhuc
769 1661 882 1738 patre,
896 1645 1090 1716 recordatus
1102 1647 1232 1740 Virgilii
1243 1671 1390 1730 versum,

523 1773 624 1855 Impia
637 1793 734 1866 quam
745 1774 830 1833 cessis
840 1793 914 1854 gens
925 1787 968 1834 est
982 1774 1105 1856 epulata
1116 1771 1255 1855 juvencis
1265 1788 1290 1850 ¹,

425 1889 558 1959 edicere
569 1888 760 1974 destinarit,
772 1921 786 1952 e
797 1914 841 1958 ne
852 1891 955 1962 boves
965 1891 1232 1960 immolarentur.
1247 1889 1453 1985 nCupiditutis

424 2026 561 2098 qnoque
573 2017 677 2096 atque
684 2004 831 2070 avaritiae
841 2011 853 2040 ²
862 2005 918 2070 vix
928 2006 1154 2096 suspicionem
1162 2001 1268 2071 ullam
1278 2055 1288 2085 ,
1297 2007 1451 2096 autpn'va·

426 2129 480 2181 tus
493 2137 659 2208 unquam,
674 2130 733 2180 aut
744 2117 903 2206 Princeps
915 2113 1122 2211 aliquamdiu
1142 2113 1253 2198 dedit3
1273 2117 1373 2183 immo
1385 2111 1454 2180 edi·

425 2244 656 2316 versemagna
667 2245 757 2318 soepe
767 2249 838 2294 non
849 2225 1059 2297 abstinentie
1070 2224 1188 2309 modo,
1203 2223 1263 2296 scd
1278 2228 1374 2298 etiam
1386 2224 1453 2296 libe·

464 2407 504 2463 15.
523 2409 622 2482 Desodr'
633 2410 784 2482 imperauit,
795 2420 926 2482 stuprato-
970 2413 1096 2466 mitienue
1111 2426 1140 2466 et
1153 2411 1319 2465 crudelitatis
1331 2425 1357 2464 et
1370 2412 1453 2482 iniqni-

425 2507 541 2561 mque...
553 2488 633 2550 coedt',·
645 2507 717 2542 more
727 2508 824 2560 nempe
838 2489 925 2542 veteri.
970 2497 1031 2547 tatis
1045 2495 1163 2547 infamia.
1177 2495 1276 2567 Arripit
1291 2495 1453 2558 licinianum,

425 2566 524 2620 Defcdi
534 2565 656 2619 solebant
665 2567 692 2618 iu
702 2585 794 2638 eampo
803 2567 925 2622 scelerato
971 2573 1044 2647 quod
1055 2575 1083 2626 in
1092 2575 1163 2647 agris
1172 2576 1226 2628 tuis
1236 2573 1393 2627 occultasset
1400 2573 1454 2625 Get-

425 2666 508 2718 prope
522 2661 627 2719 portatu
641 2645 780 2699 Collinam.
799 2647 841 2698 cf.
861 2649 926 2698 Dio·
971 2654 1044 2708 „0112
1060 2652 1193 2719 libertam
1208 2655 1253 2710 ille
1269 2655 1305 2709 ab
1315 2657 1358 2719 iis,
1372 2652 1453 2724 quim

363 2756 367 2764 ·
424 2725 926 2871 intrettrituret
970 2749 1026 2826 r
1344 2735 1454 2864 tr·

424 2823 924 2958 remcbrostiieiitreiusatumiibtius
969 2827 1376 2966 lbigoedeld'dddfldztdrzquid
1384 2830 1454 2944 ed:

424 2969 509 3040 stupri
525 2980 655 3022 memorat
672 2965 737 3020 run.
752 2969 835 3038 Epist.
851 2970 894 3019 cit.
910 2967 924 3040 ς
968 2971 1053 3030 niam
1069 2969 1161 3022 fecit-
1176 2973 1270 3023 Poeteu
1284 2970 1425 3042 permisisse
1434 2969 1454 3020 ei

427 3065 474 3113 ro,
498 3047 636 3100 Celerem:
663 3047 810 3100 rPraterea
833 3047 924 3113 Celer,
969 3045 1066 3100 dieitur
1078 3049 1263 3112 Domitianus,
1280 3071 1292 3095 ι
1303 3051 1325 3101 si
1340 3064 1453 3120 quapor-

423 3130 510 3200 Eques
522 3129 672 3194 Romanus,
686 3129 730 3180 cui
741 3122 863 3180 Cornelia
875 3127 925 3179 ob·
969 3141 1024 3194 set,
1042 3147 1073 3180 ex
1086 3129 1165 3181 rebus
1183 3131 1237 3181 tuit
1257 3141 1375 3201 raperet,
1391 3141 1454 3180 ente·

420 3207 573 3276 jiciebatur,
588 3207 707 3278 quentin
719 3207 833 3260 Comitio
845 3208 925 3278 virgis
968 3227 1048 3279 quam
1060 3208 1132 3262 bona
1146 3207 1356 3280 publicarentur,
1368 3221 1392 3260 et
1400 3207 1455 3260 euti·

423 3286 576 3351 cuderetur,
587 3289 613 3338 in
624 3285 676 3338 hac
684 3305 751 3338 voce
759 3288 925 3357 perstiterat,
968 3286 1033 3340 lium
1050 3288 1144 3356 molle,
1162 3287 1234 3340 velut
1252 3289 1399 3360 praemium,
1414 3285 1454 3338 de-

424 3365 575 3436 Quidsect'?
588 3365 667 3418 Nihil
674 3365 763 3437 jeci.»
778 3365 849 3418 ldeut
866 3383 924 3417 ma·
968 3366 1045 3420 disse.

423 3446 587 3516 gnitudinem
601 3447 683 3498 animi
699 3446 827 3499 Corneliae
842 3448 869 3499 in
883 3447 924 3499 fe-
1002 3448 1047 3498 lX.
1062 3462 1083 3497 r.
1097 3445 1216 3517 Impia...
1222 3447 1358 3517 jacencia·
1370 3443 1453 3497 exVit·

423 3525 506 3580 rende
520 3526 651 3596 supplicio
664 3541 754 3579 narrat
766 3525 781 3597 5
792 3545 807 3596 7
823 3545 880 3599 seq.
967 3524 1011 3598 fiil-
1021 3525 1119 3596 Georg.
1130 3526 1166 3590 ll,
1178 3525 1238 3595 537.
1248 3521 1288 3578 ct.
1298 3527 1369 3578 Aret.
1377 3523 1453 3576 rhen.

462 3604 502 3656 16.
522 3607 636 3677 Excepto
648 3608 770 3676 pretorio
784 3608 854 3674 viro,
871 3620 922 3658 etc.
960 3605 1027 3676 Ι139.
1039 3608 1080 3658 De
1092 3624 1172 3658 aurea
1184 3619 1261 3658 etate
1273 3623 1359 3658 serm
1369 3618 1412 3657 est.

424 3682 531 3737 Valerio
546 3684 674 3750 Lucieno,
690 3683 724 3736 de
739 3703 793 3756 qno
806 3687 859 3755 egit
873 3685 924 3736 Pli-
1004 3703 1027 3738 n.
1050 3686 1231 3757 Cupiditatit...
1245 3697 1324 3758 atque
1338 3684 1451 3748 undae,

423 3765 460 3816 nii
471 3761 600 3834 epistola,
611 3763 657 3814 ubi
669 3762 741 3815 hoec:
757 3785 770 3809 e
778 3763 923 3817 Confessus
967 3779 1017 3818 etc.
1029 3764 1172 3836 Cupiditati
1183 3766 1331 3834 opponitur
1341 3759 1452 3815 ausim·

422 3855 462 3894 eet
481 3839 586 3914 quidem
602 3844 751 3907 incestum,
771 3841 818 3894 sed
835 3844 924 3894 incer·
968 3845 1018 3906 tia,
1032 3844 1091 3896 vide
1102 3843 1166 3896 Caes.
1181 3843 1215 3909 34
1225 3865 1232 3905 3
1243 3843 1361 3896 amritioe
1373 3841 1452 3894 litm-

423 3934 493 3988 turn,
510 3935 599 3973 utrum
616 3923 679 3992 quie
695 3939 785 3973 verum
801 3935 871 3988 erat,
888 3941 923 3974 an
967 3919 1451 3993 lituallidemreepondetsequensroc.

422 4004 485 4075 quia
496 4005 618 4073 graviora
630 4001 780 4067 metuebat,
797 4003 819 4054 si
831 4020 923 4073 neges·
966 4003 1072 4056 sordide.
1085 4003 1148 4054 Post
1159 4002 1254 4066 immo,
1268 3999 1377 4054 damnet
1386 3999 1451 4051 arne

423 4093 472 4134 tet.
490 4081 632 4134 'fremebat
650 4084 719 4133 enim
737 4083 923 4148 Domitianus,
968 4084 1032 4135 etius
1050 4081 1192 4148 ediverso,
1206 4092 1233 4132 et
1250 4097 1316 4132 eane
1330 4092 1370 4132 eet
1385 4077 1450 4130 idem·

421 4159 834 4234 usmabatqueingantiinvidia,
844 4160 923 4214 desti·
967 4161 1018 4214 Sed
1033 4157 1240 4212 condonandum
1254 4157 1308 4212 boc
1323 4159 1388 4212 mori
1399 4157 1451 4210 see

423 4253 504 4294 tutus.
516 4265 528 4290 n
540 4245 616 4308 Mox,
628 4239 642 4312 ς
656 4258 683 4294 ιι
696 4261 702 4292 t
718 4239 858 4294 uArdebttt
867 4239 923 4294 Do-
967 4241 1046 4307 tonii,
1059 4238 1091 4292 de
1104 4257 1159 4310 quo
1172 4239 1267 4312 sepius
1278 4238 1386 4291 dictum.
