3054 5152
112 559 1146 594 m
1193 581 1196 588 .

931 585 1145 602 n——n-q

143 779 1107 960 csuur'ouurunuounnr

203 1144 473 1296 NERO
522 1144 1046 1296 CLAUDIUS.

568 1493 679 1514 ¹⁸*-

112 1762 133 1823 Ι.
154 1713 218 1824 Ex
239 1773 338 1850 gente
356 1761 545 1826 DOMITIA
564 1759 640 1827 duae
660 1759 795 1828 familiae
815 1758 1028 1840 claruerunt,
1049 1763 1146 1828 CAL-

111 1869 324 1951 VINORUM,
346 1885 379 1934 et
403 1871 747 1938 AENOBARBORUM.
772 1867 951 1936 AEnobnrbi
974 1885 1147 1937 auctorem
1194 1916 1196 1925 ·

111 1978 254 2067 originis,
272 1979 421 2072 itemque
437 1981 665 2070 cognominis,
681 1977 807 2046 hubent
822 1984 858 2045 L.
876 1980 1075 2046 Domitium:
1093 1983 1146 2046 cui

111 2109 180 2153 rure
204 2088 377 2183 quondam
404 2093 585 2158 revertenti
610 2088 752 2184 juvenes
781 2089 923 2180 gemini¹
954 2092 1146 2182 augustiore

110 2197 207 2264 forma
217 2223 258 2265 ex
270 2223 414 2267 occursu
425 2202 608 2292 imperasse
621 2200 812 2282 traduntur,
824 2202 998 2269 nunciaret
1011 2201 1146 2273 senatui

112 2330 145 2374 ae
155 2309 277 2402 populo
290 2312 482 2394 victoriam,
497 2309 540 2378 de
552 2336 620 2406 qua
633 2315 799 2378 incertum
816 2308 927 2378 adhuc
938 2327 1026 2381 erat:
1044 2326 1146 2405 atque

111 2417 253 2486 iulidem
267 2417 450 2514 majestatis
469 2421 554 2489 adeo
567 2421 784 2514 permulsisse
804 2421 929 2503 malas,
953 2437 990 2488 ut
1011 2443 1029 2487 e
1050 2425 1146 2512 nigro

111 2528 237 2596 mtilum
251 2533 378 2626 aerique
392 2531 574 2600 assimilem
589 2531 767 2625 capillum²
780 2529 969 2599 redderent.
985 2531 1084 2619 Quod
1096 2534 1146 2599 in-

111 2643 195 2730 signe
214 2644 337 2710 mansit
358 2659 391 2710 et
410 2646 446 2710 in
466 2646 610 2735 posteris
634 2642 725 2736 ejus,
747 2669 786 2712 ac
804 2667 926 2736 magna
946 2668 1024 2736 pars
1045 2642 1146 2710 rutila

111 2748 204 2818 barbo
211 2753 359 2821 fuerunt.
371 2757 490 2822 Functi
500 2770 615 2846 autem
624 2753 853 2822 consulatibus
864 2750 1022 2846 septem³,
1033 2754 1146 2820 trium·

111 2859 203 2952 phot,
220 2886 429 2958 censuraque
445 2862 587 2956 duplici,
602 2881 635 2931 et
651 2867 738 2932 inter
754 2865 912 2956 patricios
928 2861 1055 2942 allecti,
1070 2849 1145 2954 perss

139 3065 158 3114 Ι.
177 3081 197 3114 1.
213 3067 326 3118 Iuvenes
333 3065 435 3138 gemini
442 3086 452 3126 ,-
463 3066 595 3117 Dioscuri.
641 3085 733 3117 venem
742 3102 750 3130 ‚
760 3067 808 3117 Cn.
818 3065 980 3128 Domitium,
992 3058 1079 3126 fuere,
1089 3063 1145 3114 sin-

111 3141 176 3195 llere
186 3143 314 3196 Plutarch.
326 3141 412 3195 AEmil.
424 3143 466 3197 25.
481 3145 557 3196 conf.
572 3158 598 3197 et
640 3144 708 3214 gulis
717 3139 1146 3212 omniooparentibusgenlti‚sed

9 3247 11 3284 ἓ
111 3221 206 3296 Dionys.
226 3223 354 3276 Arobaeol.
373 3225 423 3290 vt,
446 3227 493 3288 13;
512 3227 595 3278 Gicer.
642 3240 734 3274 omnes
752 3221 787 3273 od
802 3219 971 3272 consulatum
985 3215 1145 3270 sacerdotia·

9 3287 11 3314 ¹
111 3297 139 3351 de
150 3301 205 3354 Nat.
217 3306 298 3356 Deor.
312 3305 351 3368 ΙΙ,
366 3319 390 3354 2.
642 3319 708 3373 que,
720 3299 756 3352 ed
767 3299 894 3371 triumphi
904 3311 992 3350 nutem
1001 3317 1077 3370 paene
1087 3317 1144 3352 otn-

9 3437 10 3440 ¹
141 3397 161 3431 2.
183 3382 320 3454 (lupinam.
340 3385 482 3435 Burmann.
500 3386 596 3454 injuria
640 3399 687 3434 nes
694 3395 873 3454 pervenerunt
882 3381 1028 3450 insignia,n
1040 3379 1086 3430 ubi
1097 3394 1144 3432 oro

9 3455 11 3536 4
110 3462 205 3530 corrigit
213 3461 309 3534 pilum.
323 3463 362 3514 cf.
376 3463 551 3534 Oudendorp.
640 3463 717 3512 nimis
735 3461 814 3531 pleno
829 3461 948 3511 locutum
962 3457 1143 3524 Paterculum,

9 3537 11 3556 '
140 3538 162 3591 3.
176 3542 354 3596 consulatibus
364 3553 468 3614 septem.
482 3542 549 3594 vett.
560 3545 596 3608 ΙΙ,
640 3542 796 3612 interpretes
810 3539 912 3592 dudum
920 3557 1064 3590 monuere.

9 3629 10 3688 l
112 3622 281 3685 to‚·Eoderu
300 3635 388 3674 tractu
408 3637 555 3694 temporum
570 3635 597 3674 et
676 3620 701 3686 4
730 3617 1059 3689 Triumpho..lnterpunxi
1082 3631 1144 3686 post

9 3697 10 3706 ’
110 3697 202 3751 Domitii
213 3720 242 3754 ex
252 3701 503 3768 Amen-nigerrimi
513 3701 595 3753 exAl-
641 3695 1033 3762 bancrocern.‚nerefernsod
1044 3695 1144 3766 duplici

110 3772 248 3850 lobrogibus
256 3783 366 3832 victoria
374 3782 425 3832 fuit
435 3781 539 3834 nobilis.
549 3782 596 3832 Fa·
640 3797 701 3830 cum
719 3780 854 3844 Ernestio‚
872 3777 918 3848 qui
933 3777 981 3828 Cu.
1000 3775 1143 3826 AEnobsrbi

110 3851 160 3920 bio,
170 3859 250 3911 Paulli
264 3862 372 3931 nepoti,
388 3879 418 3911 ex
428 3860 535 3912 victorio
549 3877 595 3910 co·
640 3859 674 3912 de
686 3860 888 3930 Allobrogibus,
902 3872 927 3910 et
939 3857 1041 3909 calvini
1053 3857 1086 3908 de
1100 3859 1143 3908 lli·

110 3951 209 4003 gnomen
220 3940 392 4012 Allobrogico
403 3940 524 3992 inditum.
538 3939 595 3990 No·
639 3942 730 4011 spanis
742 3939 864 4010 intelligit
876 3935 1033 4006 triumphos.
1047 3935 1097 3988 Sed
1110 3935 1143 3987 de

52 4013 57 4024 '
110 4025 171 4066 tetur
186 4019 304 4073 Domitia·
328 4021 431 4073 familis
453 4019 594 4093 peculiaris
640 4019 798 4074 AEnoborbis
824 4035 930 4071 tontum
954 4019 1071 4088 loquitur
1095 4035 1143 4067 au-

112 4095 231 4161 qssaedam
247 4113 272 4152 et
286 4114 315 4151 ut
329 4101 488 4166 clarissimo,
505 4100 542 4150 ita
553 4117 596 4150 or·
641 4111 716 4164 otor,
729 4117 812 4149 unum
819 4097 886 4148 adeo
894 4111 1043 4148 memorans
1053 4097 1143 4145 trium·

111 4183 156 4221 uta
168 4193 270 4230 numero
284 4178 405 4232 felicitas.
419 4180 520 4250 Septem
535 4190 595 4228 ente
640 4177 723 4250 phum
736 4178 769 4230 de
779 4175 968 4246 Allobrogibus
982 4187 1007 4225 et
1020 4176 1143 4225 Aruernis

112 4248 173 4305 huuc
186 4257 350 4312 nobilissimae
366 4259 540 4334 simplicitatis
551 4260 596 4327 ju·
641 4257 688 4310 Cn.
702 4253 864 4325 AEnobatbi,
880 4251 1076 4314 Consulisunn.
1091 4252 1141 4304 632
