3068 5144
501 524 772 590 vrrsnmus.
1092 529 1153 594 30¹
1228 617 1230 622 Ι
1298 487 1300 490 ’
1370 591 1375 598 .

50 665 53 670 ’
111 653 214 746 quir,
239 649 456 742 famosusque
482 671 655 717 coenarum
681 648 940 740 magnificentia.
966 655 1160 737 QUINTUS

110 765 221 829 caruit
246 758 405 842 ordine⁸,
437 783 543 853 quum
568 775 704 826 auctore
729 758 864 826 Tiberio
891 765 1019 828 secerni
1046 765 1159 832 minus

108 868 254 936 idoneos
279 870 453 935 Senatores
475 869 708 960 removerique
734 865 927 960 placuisset.
957 874 1158 954 PUBLlUS,

109 981 306 1048 Germanici
321 1002 448 1059 comes,
462 981 521 1047 Cn.
541 980 713 1060 Pisonem,
730 970 906 1046 inimicum
923 997 955 1047 et
970 982 1159 1050 interfecto-

110 1115 184 1157 rem
200 1087 293 1182 ejus,
309 1090 479 1155 accusarit
496 1086 841 1181 condemnavitqne9:
860 1112 898 1155 ac
913 1105 989 1180 post
1002 1109 1161 1182 praeturae

110 1200 280 1268 honorem
292 1202 379 1267 inter
389 1198 498 1292 Sejani
511 1202 661 1267 conscios
671 1218 825 1293 arreptus
834 1215 875 1284 ¹⁰,
884 1219 916 1269 et
927 1205 962 1270 in
973 1205 1160 1273 custodiam

109 1311 207 1379 fratri
224 1311 340 1392 datus,
358 1309 489 1404 scalpro
506 1309 641 1377 librario
659 1334 760 1378 venas
779 1310 842 1378 sibi
860 1312 998 1381 incidit:
1015 1332 1158 1384 nectam

110 1426 240 1490 mortis·
254 1424 461 1516 poenitentia,
479 1445 582 1515 quam
605 1443 745 1489 suorum
764 1423 1000 1509 obtestatione,
1021 1427 1162 1520 obligari

110 1535 294 1624 curarique
318 1556 353 1599 se
375 1554 512 1624 passus,
535 1533 571 1597 in
594 1529 711 1600 eadem
734 1525 886 1600 custodia
908 1533 1026 1606 morbo
1049 1541 1159 1628 periit.

110 1645 273 1709 LUGIUS
296 1665 336 1708 ex
355 1641 532 1708 consulatu
546 1651 566 1678 ¹¹
591 1643 694 1735 Syriae
715 1647 932 1735 praepositus,
956 1647 1160 1716 Artabanum

111 1751 318 1819 Parthorum
337 1775 449 1844 regem
469 1754 610 1830 summis
631 1752 774 1838 artibus,
795 1779 863 1822 non
881 1757 983 1824 modo
1001 1756 1044 1826 ad
1062 1758 1163 1828 collo·

112 2011 172 2045 esse
180 1991 618 2065 Kal.Julputetexinscriptionc,
663 1993 715 2047 nal.
726 1995 774 2060 ΠΙ,
790 1994 903 2062 10-15,
916 2009 942 2047 et
951 1997 1016 2050 Plio.
1034 1999 1066 2050 fl.
1077 2001 1110 2051 N.
1121 2002 1145 2052 tt
1152 2039 1162 2066 ,

183 2089 223 2130 Ca.
232 2089 335 2130 bomitius
344 2087 489 2131 Ahenobarbus
499 2091 545 2130 Cos.
664 2075 696 2144 37
709 2074 787 2146 (17),
799 2074 845 2126 ubl
857 2093 891 2126 nc
901 2074 1008 2142 credas,
1023 2094 1079 2146 quae
1094 2081 1162 2130 liat·-

182 2149 368 2191 satiatura.
380 2149 475 2192 Vlt⁰¹¹i¹¹³
485 2152 530 2199 cua
663 2155 759 2205 doinus
780 2153 813 2204 de
827 2155 974 2206 Germanioi
991 2161 1163 2227 cognomine,

112 2227 182 2280 Vide
197 2229 290 2280 Notis.
304 2230 353 2299 Ep.
367 2227 505 2280 Consular.
518 2229 618 2298 (Groer.
663 2233 768 2285 Vitellio
779 2232 951 2301 hereditario,
962 2236 1020 2287 fuse
1030 2236 1164 2308 disputat;

1 2317 2 2360 i
113 2307 196 2360 Tbes.
210 2321 273 2359 tom.
286 2308 336 2372 XI,
347 2327 408 2378 pag.
419 2306 500 2380 405),
515 2321 541 2358 et
553 2311 619 2359 Bur·
663 2313 716 2362 imo
728 2310 787 2362 vide
798 2313 867 2381 inira
878 2311 912 2364 ad
922 2322 980 2384 cap.
995 2315 1020 2366 8.

1 2383 2 2448 i
112 2405 207 2438 mann.
224 2400 304 2457 atque
316 2386 488 2459 Oudendorp.
502 2385 535 2438 ad
547 2387 619 2438 bunc
702 2406 741 2441 ro.
760 2391 889 2460 Arrepttts.
911 2389 1010 2462 sopra,
1025 2394 1089 2447 Ces.
1102 2413 1161 2466 cap.

1 2479 2 2506 ς
114 2467 217 2520 lucum,
665 2466 714 2531 23,
732 2470 877 2519 «etstatim
887 2469 1101 2542 Quaestorejus...
1113 2474 1163 2525 ali·

150 2565 177 2618 7.
199 2546 347 2598 Proelautus
356 2546 464 2620 alioqui.
477 2543 620 2619 A1.proeta·
665 2546 889 2616 quotoriminibus
897 2559 1012 2622 arreptus
1018 2561 1078 2603 est.»
1088 2554 1126 2604 De
1134 2572 1162 2604 re

114 2636 169 2692 tus,
187 2624 311 2676 nonnulli
323 2628 400 2676 etiam
412 2625 530 2698 eloquio,
549 2624 619 2677 unde
663 2627 745 2677 Tacit.
756 2625 851 2676 rinnai.
862 2627 900 2690 V,
909 2627 937 2679 8:
953 2628 1092 2682 alietatum
1101 2632 1164 2684 inde

115 2708 261 2756 Burmann.
272 2703 354 2757 latere
364 2716 439 2775 putat
451 2723 547 2756 nomen
557 2706 618 2771 viri,
664 2703 840 2756 deP.Vitellio
847 2717 871 2762 et
878 2705 1025 2776 Pomponio
1031 2709 1162 2761 Secundo.

115 2784 160 2835 cui
172 2785 200 2834 in
213 2783 353 2835 consulatu
362 2782 620 2854 praelatusVitellius,
663 2781 738 2833 iilum
753 2781 853 2834 indices
868 2783 1031 2853 arguebant,
1049 2786 1163 2840 claustra

116 2861 282 2932 conjicitque
293 2860 416 2933 prelatus
432 2860 549 2916 Claudio.
569 2861 619 2914 sed
664 2861 761 2924 erarii,
774 2862 816 2912 coi
828 2863 965 2932 praelectus
977 2879 1048 2930 erat,
1062 2879 1087 2916 et
1101 2867 1165 2918 miii·

115 2940 189 2991 salva
205 2954 245 2991 est
257 2939 350 3002 lectio,
370 2959 450 3012 quam
466 2959 525 2991 cum
541 2959 621 3011 supe·
664 2953 745 2992 tarem
757 2943 897 3010 pecuniarii
911 2942 989 2995 rebus
1002 2947 1076 2996 novis
1087 2947 1164 2998 obtu-

116 3017 236 3071 rioribua
256 3017 402 3070 editoribus
427 3018 549 3071 exhibeo.
588 3019 620 3070 Et
665 3019 755 3071 lissa...
772 3021 864 3090 Neque
875 3020 945 3073 aliud
955 3022 1165 3092 periclitantibus

116 3097 220 3170 alioqui
237 3095 301 3148 bae.
314 3097 341 3147 in
356 3095 463 3168 reliquis
478 3097 621 3168 praelautus
665 3099 769 3163 auxilii,
784 3118 863 3169 quam
876 3101 903 3150 in
915 3103 1025 3154 fratrum
1038 3121 1163 3158 constan-

116 3179 184 3243 fuir,
207 3196 260 3248 quo
277 3193 356 3228 sensu
370 3178 431 3228 Ner.
446 3178 482 3229 30
498 3177 620 3248 legimus,
665 3182 700 3232 tia
713 3181 775 3245 fuit,
796 3183 843 3253 qui
857 3181 931 3236 varlas
945 3187 1067 3238 exstitere.
1088 3190 1164 3256 Mox,

117 3274 142 3312 et
173 3260 293 3310 famosus
324 3259 456 3329 precipua
485 3277 621 3311 coenarum
665 3260 764 3311 crebris
775 3259 1062 3334 prolationibus,spem
1072 3285 1164 3320 acme·

117 3337 325 3410 magnificentia.
665 3339 801 3406 tumjuxta
811 3351 933 3408 gravatus
941 3339 1070 3410 Vitellius,
1079 3349 1164 3416 petito

155 3413 182 3466 8.
204 3415 315 3486 Qaiinttts
330 3413 536 3477 comitordine5
554 3416 579 3468 b.
597 3435 619 3468 e.
666 3435 712 3486 per
736 3418 850 3486 speciem
875 3417 1022 3472 studiorum
1043 3424 1164 3496 scalpro,

118 3494 219 3547 Senatu
230 3505 318 3545 motus
329 3507 377 3545 est.
388 3495 471 3546 Tacit.
483 3495 577 3547 Annei.
588 3499 620 3562 ΙΙ,
666 3494 747 3546 ierem
764 3495 845 3546 ictum
865 3500 937 3549 renis
952 3499 1052 3566 intulit,
1069 3506 1165 3554 vitam-

118 3575 167 3641 48,
183 3571 324 3625 «ΤὶΙιετίιιε
335 3573 462 3645 prodigos
472 3587 496 3626 et
505 3576 540 3626 ob
550 3575 622 3646 flagi·
667 3591 719 3643 que
729 3573 880 3642 egritudine
895 3579 973 3627 animi
986 3577 1094 3632 linivit.»
1110 3585 1163 3632 Do-

118 3656 155 3704 tia
171 3666 294 3722 egentes,
314 3651 448 3704 Vibidium
463 3655 622 3717 Varronem,
667 3665 708 3703 cet
721 3650 765 3702 bic
776 3651 866 3718 locus,
887 3655 1021 3725 quomodo
1037 3660 1062 3708 in
1077 3661 1167 3712 fratris

119 3734 234 3784 Marium
244 3733 390 3802 Nepotem,
402 3732 520 3802 Appium
528 3732 623 3804 lippia·
667 3730 813 3782 custodiam
824 3737 924 3784 venerit
935 3736 962 3784 P.
975 3736 1100 3791 Vitellius.

119 3829 199 3874 num,
211 3808 364 3860 Cornelium
373 3807 484 3872 Sullam,
500 3811 529 3880 Q.
539 3812 566 3863 V
565 3811 623 3862 itcl·
689 3805 691 3811 ’
706 3826 745 3860 tt.
765 3809 857 3862 Lucius
870 3830 901 3862 ex
916 3813 1067 3876 consulatu,·
1086 3837 1163 3888 quem

121 3888 186 3940 lium
198 3889 281 3939 morit
295 3889 408 3952 Senatu,
420 3902 465 3939 aut
475 3903 570 3960 sponte
581 3909 622 3942 ce·
667 3891 811 3958 gessitann.
821 3893 884 3959 787,
893 3911 952 3942 cum
961 3895 1042 3946 Fabio
1051 3898 1162 3949 Persico.

120 3966 183 4018 dere
195 3985 290 4037 passus
302 3980 367 4018 est.»
666 3970 750 4019 Tacit.
764 3968 858 4020 annal.
874 3974 908 4022 vt
916 4011 924 4036 ,
937 3975 982 4032 28;
997 3975 1062 4038 Dio,
1074 3978 1164 4041 Lvttt,

155 4064 182 4116 9.
208 4043 358 4096 Pollius...
377 4045 622 4115 condemuavitque,·
668 4049 709 4114 24.
732 4051 883 4102 Praefectum
903 4054 979 4124 Syriae
997 4053 1061 4106 dicit
1078 4055 1163 4107 Tacit.

121 4124 149 4175 b.
170 4142 193 4175 e.
215 4137 246 4176 ut
266 4123 505 4190 condemnaretur,
524 4125 621 4176 offecit.
666 4127 759 4179 Annei.
773 4133 820 4197 vt,
835 4131 884 4197 32,
905 4131 950 4184 ubi
964 4132 1039 4202 plora
1056 4132 1090 4185 de
1106 4133 1165 4204 ojus

103 4199 108 4207 ⁵
122 4206 162 4256 Ci.
173 4203 263 4256 Tiber.
279 4205 303 4257 8.
319 4205 357 4258 De
369 4223 396 4256 re
406 4203 465 4256 ride
477 4203 561 4256 Tacit.
573 4207 622 4256 du·
666 4207 779 4277 ingenio.
