3054 5152
476 490 728 582 strumus.
1062 538 1122 604 ιη

91 643 296 738 primipilari,
311 639 365 734 cuj
371 665 408 710 us
421 635 569 710 officium
585 643 779 732 nuptiarum
790 641 906 731 etipse
917 663 996 708 cnm
1010 647 1127 734 Agrip-

91 759 159 848 pina
169 753 367 821 celebravit.

129 868 264 931 xxvll.
292 861 430 930 Liberos
449 885 490 929 ex
508 861 615 928 tribus
634 859 794 928 uxoribus
815 858 907 926 tulit:
928 885 969 927 ex
987 861 1126 954 Urgula-

92 974 162 1042 nilla
175 981 331 1043 Drusum
342 989 377 1042 et
387 972 578 1041 Claudiam:
595 995 635 1039 ex
648 975 762 1039 Potina
776 974 970 1039 Antoniam:
988 997 1030 1040 ex
1045 979 1129 1041 Mes-

93 1087 187 1154 salina
198 1088 392 1166 Octaviam,
410 1101 444 1150 et
458 1105 561 1178 quem
576 1085 686 1175 primo
702 1085 955 1164 Germanicum,
973 1107 1052 1151 mox
1066 1087 1129 1150 Bri-

92 1198 258 1264 tannicum
277 1195 554 1285 cognoninuvit¹.
574 1199 723 1261 Drusum
741 1195 906 1284 Pompeiis
920 1193 1129 1285 impuberem

92 1307 229 1387 amisit²‚
248 1307 342 1397 piro,
359 1327 418 1397 per
434 1303 548 1371 lusum
563 1307 599 1372 in
616 1301 759 1370 sublime
771 1301 894 1394 jactato
910 1319 944 1370 et
954 1303 1047 1371 hiatu
1061 1309 1128 1371 oris

17 1487 18 1512 3
93 1432 247 1509 excepto,
269 1414 537 1507 strangulatum
562 1417 615 1482 cui
637 1431 670 1480 et
690 1430 768 1482 ante
787 1437 913 1508 paucos
933 1411 1003 1483 dies
1027 1415 1130 1482 filiam

93 1525 194 1619 Sejani
206 1524 453 1618 despondisset.
471 1529 546 1610 Quo
557 1527 663 1616 magis
679 1527 795 1605 miror,
811 1525 931 1607 fuisse,
947 1527 1005 1618 qui
1021 1525 1129 1592 trade-

17 1695 18 1728 ,
94 1652 176 1718 rent,
192 1634 313 1704 fraude
328 1661 347 1702 a
362 1627 480 1728 Sejano
494 1650 661 1702 necatum.
674 1632 862 1717 Claudiam,
880 1659 921 1702 ex
936 1635 1054 1704 liberto
1069 1661 1131 1704 suo

17 1729 19 1808 l
94 1743 221 1814 botere³
238 1759 455 1838 conceptam,
476 1747 628 1839 quamvis
645 1760 723 1811 aute
741 1747 896 1838 quintum
914 1768 1065 1812 mensem
1083 1745 1131 1812 di-

17 1839 19 1892 l
95 1858 184 1923 vortii
202 1877 335 1938 natam,
350 1854 467 1950 alique
488 1869 646 1947 coeptam,
670 1857 791 1949 exponi
814 1870 926 1922 tamen
947 1855 991 1922 ad
1015 1857 1132 1922 matris

17 1979 19 2026 l
91 1963 240 2058 januam,
257 1984 291 2034 et
306 1967 433 2035 nudam
444 1962 545 2059 jussit
559 1963 667 2059 abjici.
682 1963 880 2034 Antoniaml
893 1971 954 2034 Cn.
972 1971 1131 2059 Pompeio
1237 1989 1240 1998 ’

17 2275 18 2282 ,
124 2225 229 2278 mu.
247 2243 270 2278 t.
287 2227 411 2298 Ecquem
425 2225 512 2298 primo
526 2227 590 2277 Ger-
634 2224 723 2290 batur,
743 2237 947 2296 suspectumque
966 2227 1023 2294 jam
1046 2227 1133 2278 nimiu

96 2307 255 2360 nminem...
274 2305 478 2380 copnominuvit.
499 2301 592 2359 Omni·
636 2305 693 2374 spei
707 2303 830 2373 Sejanum
847 2302 916 2355 ultro
930 2301 982 2373 (sic
999 2303 1068 2354 malo
1083 2323 1132 2376 pro

96 2384 140 2438 bus
151 2387 224 2438 enim
242 2385 394 2437 Germanici
410 2385 523 2457 posteris
539 2384 592 2436 boc
635 2382 717 2450 ultra,
737 2385 855 2455 quamvis
869 2397 1032 2455 repugnante
1050 2386 1134 2436 nme-

97 2481 238 2534 cognumsn
248 2462 353 2516 datum:
362 2462 421 2516 vide
430 2481 520 2535 supra,
531 2481 590 2535 cop.
636 2463 701 2523 stio;
713 2460 782 2513 ultro
793 2463 863 2512 enim
875 2473 914 2513 est
924 2462 977 2534 ipse
987 2463 1080 2534 enirm)
1093 2483 1135 2516 ex*

100 2558 119 2592 1.
131 2543 171 2595 cf.
185 2544 254 2610 Dio,
267 2543 330 2608 LX,
345 2559 384 2594 ts.
635 2541 749 2592 tulisse.»
759 2541 1134 2594 Nonuominutalternmhuno

128 2638 149 2672 n.
168 2620 304 2691 Pompeiis
321 2621 479 2692 itnpubettcm
496 2620 591 2672 amisit.
636 2617 741 2670 Claudii
759 2618 841 2670 lilium
856 2622 924 2687 Dio,
942 2621 1000 2688 Lx,
1019 2621 1052 2672 32
1071 2620 1133 2690 (ubi

17 2711 19 2770 ss
98 2697 593 2770 flaecemendsuoupsttadracitun-
636 2699 731 2768 legitur
750 2697 792 2750 hio
811 2697 884 2750 locus
903 2719 935 2752 ex
954 2703 1066 2753 Peiresc.
1085 2703 1135 2754 Ex-

17 2775 18 2790 *
99 2777 593 2848 ual.111‚29‚pro·DrusumPom-
638 2790 720 2848 scrpt-
735 2794 751 2828 a
765 2778 887 2829 Reimsro
900 2779 1037 2852 insertus).

97 2857 178 2926 pcinm
187 2853 593 2929 piatam-postcomm
673 2857 698 2909 3.
719 2857 817 2910 Botere.
830 2858 975 2912 Probabilis
988 2873 1056 2913 esset
1073 2881 1137 2913 oon-

17 2947 18 2954 *
99 2934 217 2988 omnibus
231 2947 273 2987 est
287 2934 411 3006 probata.
426 2939 500 2988 Unus
510 2935 591 2987 Grou.
634 2935 1024 3007 jecturclleinesiiSotere,nisi
1034 2940 1060 2990 in
1070 2941 1137 2992 Gru·

17 3071 18 3074 Ἴ
100 3013 213 3086 Pomptie
240 3015 396 3084 impuberem
426 3015 517 3067 maluit
543 3031 593 3084 pro
637 3028 685 3066 ter.
698 3011 943 3084 inscript.61o‚l3‚‘
952 3015 1082 3068 diceretur
1095 3018 1134 3069 Ti.

102 3095 237 3166 Pompfim,
259 3094 334 3165 quod
351 3095 449 3148 nemini
468 3094 592 3167 placebit.
639 3091 763 3144 Claudius
780 3093 881 3158 Botrio,
896 3105 921 3144 et
943 3111 1002 3166 pag.
1019 3095 1087 3159 616,
1103 3114 1136 3166 9,

17 3179 18 3226 ἶ
103 3173 252 3244 Pompeium
261 3175 386 3246 puberem
395 3174 458 3225 terri
467 3173 594 3246 nequitet
638 3173 730 3224 Botrus
752 3172 811 3224 Coes.
833 3189 896 3224 serv.
918 3173 977 3244 lpse
997 3172 1049 3225 hoc
1070 3174 1137 3227 vidit

17 3263 18 3274 ¹
103 3249 133 3300 ob
150 3269 299 3322 cognomen
318 3253 487 3322 Pompeium,
509 3253 594 3303 Druso
639 3253 742 3303 lisinas.
762 3267 792 3301 ac
807 3249 991 3320 corrigendum
1007 3271 1038 3305 ex
1050 3253 1090 3306 his
1102 3257 1138 3308 vi·

17 3359 19 3380 2
103 3343 193 3382 temere
202 3331 335 3398 affictum,
346 3343 371 3382 et
380 3329 416 3381 ob
427 3332 539 3382 otiosum
550 3328 596 3382 ad·
640 3328 718 3382 detur
728 3345 825 3379 nomen
835 3328 956 3381 hominis.

17 3417 18 3472 3
104 3405 269 3460 «litamentum
277 3409 444 3480 puberem&
452 3407 480 3460 id
489 3426 597 3462 monere
676 3409 702 3474 4.
720 3407 863 3462 Antoniam
871 3445 880 3474 ‚
893 3421 943 3459 etc.
956 3411 1022 3475 Dio,
1034 3411 1095 3476 LX,
1108 3411 1140 3480 5,

17 3527 18 3554 ,
105 3485 221 3540 voluisset
231 3502 334 3554 auctor,
348 3488 495 3559 scripsisset
504 3486 596 3539 saltem
642 3485 676 3537 ad
690 3503 752 3537 nnn.
768 3485 828 3555 794.
845 3488 884 3538 De
900 3487 1025 3560 Pompeio
1040 3491 1140 3564 Maqno

17 3629 19 3642 .
100 3565 152 3633 jacit
166 3567 295 3636 puberem.
310 3568 420 3632 Postea,
434 3585 483 3638 pro
500 3568 542 3618 cui
557 3577 595 3632 et,
640 3563 747 3617 vidend
763 3563 844 3636 Calig.
859 3565 910 3631 35,
930 3579 955 3618 et
969 3569 1037 3620 iufra
1054 3587 1077 3621 c.
1097 3589 1139 3642 ²9·

17 3647 19 3694 l
108 3643 168 3713 lips.
187 3659 212 3696 et
229 3645 347 3697 Gronov.
362 3647 501 3715 conjecere
515 3665 596 3717 quum
641 3640 1140 3711 DeFatutoSulla,Consulennn.806,

17 3741 18 3772 t
108 3723 141 3786 ei,
154 3723 223 3794 quod
236 3721 310 3774 baud
322 3725 499 3776 necessarium
514 3735 596 3793 puto,
641 3724 715 3774 testis
743 3725 820 3774 etism
841 3723 924 3776 Tacit.
945 3726 1040 3778 Annal.
1066 3729 1140 3795 xm,

17 3793 19 3872 f
110 3818 180 3870 quum
195 3804 239 3854 cui
252 3805 287 3854 sit
303 3820 383 3874 quum
400 3803 438 3868 ei,
454 3801 526 3853 unde
537 3804 598 3872 juu-
644 3805 690 3866 23,
706 3801 766 3866 ubi,
784 3803 964 3857 «Deferuntur
976 3809 1141 3860 consensisse

17 3875 18 3906 ³
109 3891 158 3931 ctus
173 3885 195 3934 ei
211 3896 252 3934 est
268 3883 462 3952 conjunctivus.
476 3881 597 3935 Ceterum
642 3880 726 3933 Pallas
751 3899 782 3933 ac
806 3883 925 3948 Burrus„
950 3897 979 3934 ut
1002 3883 1140 3938 Cornelius

17 4003 19 4040 p
110 3959 182 4012 Tacit.
195 3961 212 4012 l.
227 3981 252 4014 c.
270 3959 305 4012 ad
320 3980 380 4014 auu.
397 3963 464 4031 773,
479 3961 598 4014 «Adver-
643 3959 728 4028 sulla,
748 3959 902 4015 claritudine
923 3964 1027 4034 generis
1047 3978 1073 4015 et
1095 3965 1140 4035 af-

111 4039 141 4090 tis
155 4042 247 4094 animis
269 4053 429 4112 occeptum,
452 4039 525 4112 quod
544 4039 598 4092 lilio
643 4036 745 4104 fimmte
772 4039 889 4108 Claudii,
910 4043 952 4093 cui
972 4061 1022 4114 per
1038 4043 1141 4114 nuptiis

17 4127 18 4146 ¹
112 4115 201 4173 Claudii
209 4139 287 4174 socer
295 4118 406 4190 Sejanus
415 4117 597 4172 destinaretur.
644 4119 766 4172 Antonio
776 4139 856 4193 qenai·
869 4133 932 4188 erat,
948 4119 982 4173 sd
999 4123 1139 4192 imperium

113 4194 227 4252 Polluissc
239 4198 406 4253 nobilitatem
418 4199 520 4252 familia:
531 4197 599 4251 vide·
644 4214 791 4252 vocaretur.
800 4225 811 4247 ι
