<?xml version="1.0" encoding="UTF-8"?>
<!DOCTYPE html PUBLIC "-//W3C//DTD XHTML 1.0 Transitional//EN"
    "http://www.w3.org/TR/xhtml1/DTD/xhtml1-transitional.dtd">
<html xmlns="http://www.w3.org/1999/xhtml" xml:lang="en" lang="en">
 <head>
  <title>
</title>
<meta http-equiv="Content-Type" content="text/html;charset=utf-8" />
  <meta name='ocr-system' content='tesseract 3.04.00' />
  <meta name='ocr-capabilities' content='ocr_page ocr_carea ocr_par ocr_line ocrx_word'/>
</head>
<body>
  <div class='ocr_page' id='page_1' title='image "./csuetoniitranqu00suetgoog_0022.png"; bbox 0 0 3066 5148; ppageno 0'>
   <div class='ocr_carea' id='block_1_1' title="bbox 339 529 1008 600">
    <p class='ocr_par' dir='ltr' id='par_1_1' title="bbox 339 529 1008 600">
     <span class='ocr_line' id='line_1_1' title="bbox 339 529 1008 600; baseline -0.009 0"><span class='ocrx_word' id='word_1_1' title='bbox 339 557 378 600; x_wconf 83' lang='lat' dir='ltr'><strong>ro</strong></span> <span class='ocrx_word' id='word_1_2' title='bbox 710 531 746 595; x_wconf 84' lang='lat' dir='ltr'><strong>G.</strong></span> <span class='ocrx_word' id='word_1_3' title='bbox 772 529 1008 597; x_wconf 86' lang='lat' dir='ltr'>SUETONII</span> 
     </span>
    </p>
   </div>
   <div class='ocr_carea' id='block_1_2' title="bbox 333 653 1386 1531">
    <p class='ocr_par' dir='ltr' id='par_1_2' title="bbox 333 653 1386 1531">
     <span class='ocr_line' id='line_1_2' title="bbox 380 653 1385 754; baseline 0.005 -26"><span class='ocrx_word' id='word_1_4' title='bbox 380 661 471 728; x_wconf 84' lang='lat' dir='ltr'><strong>VIII.</strong></span> <span class='ocrx_word' id='word_1_5' title='bbox 487 660 523 725; x_wconf 88' lang='lat' dir='ltr'><strong>C.</strong></span> <span class='ocrx_word' id='word_1_6' title='bbox 538 658 650 735; x_wconf 84' lang='lat' dir='ltr'><strong>Caesar</strong></span> <span class='ocrx_word' id='word_1_7' title='bbox 661 671 760 728; x_wconf 81' lang='lat' dir='ltr'><strong>naurs</strong></span> <span class='ocrx_word' id='word_1_8' title='bbox 773 672 825 724; x_wconf 88' lang='lat' dir='ltr'><strong>est</strong></span> <span class='ocrx_word' id='word_1_9' title='bbox 835 653 943 748; x_wconf 84' lang='lat' dir='ltr'>pridie</span> <span class='ocrx_word' id='word_1_10' title='bbox 955 653 1124 738; x_wconf 75' lang='lat' dir='ltr'><strong>Kalendas</strong></span> <span class='ocrx_word' id='word_1_11' title='bbox 1139 662 1385 754; x_wconf 76' lang='lat' dir='ltr'><strong>‘Septenbres,</strong></span> 
     </span>
     <span class='ocr_line' id='line_1_3' title="bbox 333 767 1385 863; baseline 0.005 -26"><span class='ocrx_word' id='word_1_12' title='bbox 333 787 429 863; x_wconf 82' lang='lat' dir='ltr'><strong>patre</strong></span> <span class='ocrx_word' id='word_1_13' title='bbox 448 791 510 844; x_wconf 87' lang='lat' dir='ltr'><strong>suo</strong></span> <span class='ocrx_word' id='word_1_14' title='bbox 530 782 564 833; x_wconf 91' lang='lat' dir='ltr'><strong>et</strong></span> <span class='ocrx_word' id='word_1_15' title='bbox 581 770 617 833; x_wconf 88' lang='lat' dir='ltr'><strong>C.</strong></span> <span class='ocrx_word' id='word_1_16' title='bbox 638 767 777 848; x_wconf 79' lang='lat' dir='ltr'><strong>Fonteio</strong></span> <span class='ocrx_word' id='word_1_17' title='bbox 794 767 956 859; x_wconf 82' lang='lat' dir='ltr'><strong>Capitone</strong></span> <span class='ocrx_word' id='word_1_18' title='bbox 973 767 1187 838; x_wconf 87' lang='lat' dir='ltr'><strong>Consulibus.</strong></span> <span class='ocrx_word' id='word_1_19' title='bbox 1206 771 1272 841; x_wconf 88' lang='lat' dir='ltr'><strong>Ubi</strong></span> <span class='ocrx_word' id='word_1_20' title='bbox 1285 790 1385 842; x_wconf 88' lang='lat' dir='ltr'><strong>natus</strong></span> 
     </span>
     <span class='ocr_line' id='line_1_4' title="bbox 333 875 1385 965; baseline 0.007 -15"><span class='ocrx_word' id='word_1_21' title='bbox 333 885 393 965; x_wconf 86' lang='lat' dir='ltr'><strong>sit,</strong></span> <span class='ocrx_word' id='word_1_22' title='bbox 416 884 583 948; x_wconf 89' lang='lat' dir='ltr'><strong>incertum</strong></span> <span class='ocrx_word' id='word_1_23' title='bbox 605 875 782 946; x_wconf 82' lang='lat' dir='ltr'><strong>diversitas</strong></span> <span class='ocrx_word' id='word_1_24' title='bbox 803 876 1008 948; x_wconf 82' lang='lat' dir='ltr'><strong>tradentium</strong></span> <span class='ocrx_word' id='word_1_25' title='bbox 1027 879 1116 948; x_wconf 91' lang='lat' dir='ltr'><strong>facit.</strong></span> <span class='ocrx_word' id='word_1_26' title='bbox 1138 887 1199 952; x_wconf 89' lang='lat' dir='ltr'><strong>Cn.</strong></span> <span class='ocrx_word' id='word_1_27' title='bbox 1221 886 1385 958; x_wconf 80' lang='lat' dir='ltr'><strong>Lentulus</strong></span> 
     </span>
     <span class='ocr_line' id='line_1_5' title="bbox 334 984 1385 1080; baseline 0.004 -18"><span class='ocrx_word' id='word_1_28' title='bbox 334 989 535 1067; x_wconf 80' lang='lat' dir='ltr'><strong>Gaetulicus²</strong></span> <span class='ocrx_word' id='word_1_29' title='bbox 554 987 673 1058; x_wconf 90' lang='lat' dir='ltr'><strong>Tiburi</strong></span> <span class='ocrx_word' id='word_1_30' title='bbox 691 991 841 1080; x_wconf 90' lang='lat' dir='ltr'><strong>genitum</strong></span> <span class='ocrx_word' id='word_1_31' title='bbox 862 984 991 1074; x_wconf 89' lang='lat' dir='ltr'><strong>scribit;</strong></span> <span class='ocrx_word' id='word_1_32' title='bbox 1012 990 1138 1059; x_wconf 88' lang='lat' dir='ltr'><strong>Plinius</strong></span> <span class='ocrx_word' id='word_1_33' title='bbox 1157 995 1330 1064; x_wconf 84' lang='lat' dir='ltr'><strong>Secundus</strong></span> <span class='ocrx_word' id='word_1_34' title='bbox 1350 1001 1385 1066; x_wconf 94' lang='lat' dir='ltr'><strong>in</strong></span> 
     </span>
     <span class='ocr_line' id='line_1_6' title="bbox 334 1097 1385 1193; baseline 0.011 -27"><span class='ocrx_word' id='word_1_35' title='bbox 334 1104 504 1184; x_wconf 87' lang='lat' dir='ltr'><strong>Treveris,</strong></span> <span class='ocrx_word' id='word_1_36' title='bbox 515 1103 589 1172; x_wconf 86' lang='lat' dir='ltr'><strong>vico</strong></span> <span class='ocrx_word' id='word_1_37' title='bbox 597 1097 823 1182; x_wconf 65' lang='lat' dir='ltr'><strong>ambiatiu03,</strong></span> <span class='ocrx_word' id='word_1_38' title='bbox 834 1099 1174 1193; x_wconf 87' lang='lat' dir='ltr'><strong>supraConfluentes:</strong></span> <span class='ocrx_word' id='word_1_39' title='bbox 1186 1104 1279 1176; x_wconf 91' lang='lat' dir='ltr'><strong>addit</strong></span> <span class='ocrx_word' id='word_1_40' title='bbox 1286 1110 1385 1178; x_wconf 85' lang='lat' dir='ltr'><strong>etiam</strong></span> 
     </span>
     <span class='ocr_line' id='line_1_7' title="bbox 333 1212 1385 1308; baseline 0.004 -24"><span class='ocrx_word' id='word_1_41' title='bbox 333 1239 396 1308; x_wconf 86' lang='lat' dir='ltr'><strong>pro</strong></span> <span class='ocrx_word' id='word_1_42' title='bbox 407 1228 622 1307; x_wconf 89' lang='lat' dir='ltr'><strong>argumento,</strong></span> <span class='ocrx_word' id='word_1_43' title='bbox 639 1237 715 1282; x_wconf 87' lang='lat' dir='ltr'><strong>aras</strong></span> <span class='ocrx_word' id='word_1_44' title='bbox 732 1212 777 1280; x_wconf 91' lang='lat' dir='ltr'><strong>ibi</strong></span> <span class='ocrx_word' id='word_1_45' title='bbox 792 1212 940 1294; x_wconf 88' lang='lat' dir='ltr'><strong>ostendi,</strong></span> <span class='ocrx_word' id='word_1_46' title='bbox 957 1215 1150 1307; x_wconf 83' lang='lat' dir='ltr'><strong>inscriptas,</strong></span> <span class='ocrx_word' id='word_1_47' title='bbox 1169 1217 1225 1284; x_wconf 91' lang='lat' dir='ltr'><strong>OB</strong></span> <span class='ocrx_word' id='word_1_48' title='bbox 1241 1223 1385 1289; x_wconf 82' lang='lat' dir='ltr'><strong>AGRlP·</strong></span> 
     </span>
     <span class='ocr_line' id='line_1_8' title="bbox 334 1324 1386 1421; baseline 0.008 -29"><span class='ocrx_word' id='word_1_49' title='bbox 334 1330 445 1396; x_wconf 85' lang='lat' dir='ltr'><strong>PINAE</strong></span> <span class='ocrx_word' id='word_1_50' title='bbox 464 1329 760 1398; x_wconf 82' lang='lat' dir='ltr'><strong>PUERPERIUM.</strong></span> <span class='ocrx_word' id='word_1_51' title='bbox 778 1324 958 1409; x_wconf 81' lang='lat' dir='ltr'><strong>Versiculi,</strong></span> <span class='ocrx_word' id='word_1_52' title='bbox 977 1329 1163 1421; x_wconf 86' lang='lat' dir='ltr'><strong>imperante</strong></span> <span class='ocrx_word' id='word_1_53' title='bbox 1179 1354 1260 1400; x_wconf 81' lang='lat' dir='ltr'><strong>mox</strong></span> <span class='ocrx_word' id='word_1_54' title='bbox 1276 1356 1316 1400; x_wconf 93' lang='lat' dir='ltr'><strong>eo</strong></span> <span class='ocrx_word' id='word_1_55' title='bbox 1334 1331 1386 1400; x_wconf 88' lang='lat' dir='ltr'><strong>di·</strong></span> 
     </span>
     <span class='ocr_line' id='line_1_9' title="bbox 334 1435 1318 1531; baseline 0.006 -26"><span class='ocrx_word' id='word_1_56' title='bbox 334 1439 475 1531; x_wconf 88' lang='lat' dir='ltr'><strong>vulgati,</strong></span> <span class='ocrx_word' id='word_1_57' title='bbox 488 1435 581 1530; x_wconf 86' lang='lat' dir='ltr'><strong>apud</strong></span> <span class='ocrx_word' id='word_1_58' title='bbox 591 1437 749 1508; x_wconf 88' lang='lat' dir='ltr'><strong>hibernas</strong></span> <span class='ocrx_word' id='word_1_59' title='bbox 763 1436 913 1529; x_wconf 76' lang='lat' dir='ltr'><strong>legiones</strong></span> <span class='ocrx_word' id='word_1_60' title='bbox 924 1454 1140 1530; x_wconf 86' lang='lat' dir='ltr'><strong>procreatum</strong></span> <span class='ocrx_word' id='word_1_61' title='bbox 1152 1441 1318 1513; x_wconf 89' lang='lat' dir='ltr'><strong>indicant:</strong></span> 
     </span>
    </p>
   </div>
   <div class='ocr_carea' id='block_1_3' title="bbox 453 1556 1161 1739">
    <p class='ocr_par' dir='ltr' id='par_1_3' title="bbox 453 1556 1161 1739">
     <span class='ocr_line' id='line_1_10' title="bbox 453 1556 1161 1638; baseline 0.006 -22"><span class='ocrx_word' id='word_1_62' title='bbox 453 1556 490 1618; x_wconf 88' lang='lat' dir='ltr'><strong>In</strong></span> <span class='ocrx_word' id='word_1_63' title='bbox 503 1557 607 1618; x_wconf 83' lang='lat' dir='ltr'><strong>castris</strong></span> <span class='ocrx_word' id='word_1_64' title='bbox 619 1565 727 1632; x_wconf 87' lang='lat' dir='ltr'><strong>natus,</strong></span> <span class='ocrx_word' id='word_1_65' title='bbox 740 1557 846 1638; x_wconf 88' lang='lat' dir='ltr'><strong>patriis</strong></span> <span class='ocrx_word' id='word_1_66' title='bbox 858 1557 993 1618; x_wconf 85' lang='lat' dir='ltr'><strong>nutritus</strong></span> <span class='ocrx_word' id='word_1_67' title='bbox 1005 1559 1038 1618; x_wconf 89' lang='lat' dir='ltr'><strong>in</strong></span> <span class='ocrx_word' id='word_1_68' title='bbox 1051 1561 1161 1637; x_wconf 85' lang='lat' dir='ltr'><strong>armis,</strong></span> 
     </span>
     <span class='ocr_line' id='line_1_11' title="bbox 494 1655 1080 1739; baseline 0.003 -23"><span class='ocrx_word' id='word_1_69' title='bbox 494 1657 564 1732; x_wconf 80' lang='lat' dir='ltr'><strong>Janr</strong></span> <span class='ocrx_word' id='word_1_70' title='bbox 577 1655 728 1736; x_wconf 87' lang='lat' dir='ltr'><strong>designati</strong></span> <span class='ocrx_word' id='word_1_71' title='bbox 739 1655 891 1739; x_wconf 88' lang='lat' dir='ltr'><strong>Principis</strong></span> <span class='ocrx_word' id='word_1_72' title='bbox 903 1676 995 1717; x_wconf 88' lang='lat' dir='ltr'><strong>omen</strong></span> <span class='ocrx_word' id='word_1_73' title='bbox 1007 1669 1080 1718; x_wconf 89' lang='lat' dir='ltr'><strong>erat.</strong></span> 
     </span>
    </p>
   </div>
   <div class='ocr_carea' id='block_1_4' title="bbox 330 1763 1389 2522">
    <p class='ocr_par' dir='ltr' id='par_1_4' title="bbox 330 1763 1389 2522">
     <span class='ocr_line' id='line_1_12' title="bbox 334 1763 1387 1857; baseline 0.005 -26"><span class='ocrx_word' id='word_1_74' title='bbox 334 1769 407 1857; x_wconf 90' lang='lat' dir='ltr'><strong>Ego</strong></span> <span class='ocrx_word' id='word_1_75' title='bbox 423 1765 460 1841; x_wconf 82' lang='lat' dir='ltr'><strong>iu</strong></span> <span class='ocrx_word' id='word_1_76' title='bbox 477 1764 578 1848; x_wconf 87' lang='lat' dir='ltr'><strong>actis,</strong></span> <span class='ocrx_word' id='word_1_77' title='bbox 600 1767 689 1834; x_wconf 81' lang='lat' dir='ltr'><strong>Antii</strong></span> <span class='ocrx_word' id='word_1_78' title='bbox 707 1763 851 1848; x_wconf 83' lang='lat' dir='ltr'><strong>editum,</strong></span> <span class='ocrx_word' id='word_1_79' title='bbox 870 1767 1015 1835; x_wconf 86' lang='lat' dir='ltr'><strong>invenio.</strong></span> <span class='ocrx_word' id='word_1_80' title='bbox 1038 1764 1240 1834; x_wconf 77' lang='lat' dir='ltr'><strong>Gaetulicum</strong></span> <span class='ocrx_word' id='word_1_81' title='bbox 1262 1765 1387 1836; x_wconf 86' lang='lat' dir='ltr'><strong>refellit</strong></span> 
     </span>
     <span class='ocr_line' id='line_1_13' title="bbox 334 1873 1385 1968; baseline 0.002 -26"><span class='ocrx_word' id='word_1_82' title='bbox 334 1873 478 1956; x_wconf 89' lang='lat' dir='ltr'><strong>Plinius,</strong></span> <span class='ocrx_word' id='word_1_83' title='bbox 497 1878 593 1968; x_wconf 88' lang='lat' dir='ltr'><strong>quasi</strong></span> <span class='ocrx_word' id='word_1_84' title='bbox 610 1878 789 1954; x_wconf 87' lang='lat' dir='ltr'><strong>mentitum</strong></span> <span class='ocrx_word' id='word_1_85' title='bbox 806 1901 868 1968; x_wconf 90' lang='lat' dir='ltr'><strong>per</strong></span> <span class='ocrx_word' id='word_1_86' title='bbox 886 1873 1130 1959; x_wconf 82' lang='lat' dir='ltr'><strong>adulationem,</strong></span> <span class='ocrx_word' id='word_1_87' title='bbox 1150 1890 1189 1942; x_wconf 90' lang='lat' dir='ltr'><strong>ut</strong></span> <span class='ocrx_word' id='word_1_88' title='bbox 1205 1874 1248 1942; x_wconf 90' lang='lat' dir='ltr'><strong>ad</strong></span> <span class='ocrx_word' id='word_1_89' title='bbox 1267 1873 1385 1944; x_wconf 90' lang='lat' dir='ltr'><strong>laudes</strong></span> 
     </span>
     <span class='ocr_line' id='line_1_14' title="bbox 330 1981 1387 2081; baseline 0.002 -29"><span class='ocrx_word' id='word_1_90' title='bbox 330 1981 465 2078; x_wconf 86' lang='lat' dir='ltr'><strong>juvenis</strong></span> <span class='ocrx_word' id='word_1_91' title='bbox 482 1983 685 2080; x_wconf 79' lang='lat' dir='ltr'><strong>gloriosique</strong></span> <span class='ocrx_word' id='word_1_92' title='bbox 701 1989 864 2080; x_wconf 86' lang='lat' dir='ltr'><strong>Principis</strong></span> <span class='ocrx_word' id='word_1_93' title='bbox 882 1985 1010 2081; x_wconf 91' lang='lat' dir='ltr'><strong>aliquid</strong></span> <span class='ocrx_word' id='word_1_94' title='bbox 1023 1989 1123 2055; x_wconf 92' lang='lat' dir='ltr'><strong>etiam</strong></span> <span class='ocrx_word' id='word_1_95' title='bbox 1136 2011 1179 2054; x_wconf 86' lang='lat' dir='ltr'><strong>ex</strong></span> <span class='ocrx_word' id='word_1_96' title='bbox 1195 1985 1286 2054; x_wconf 87' lang='lat' dir='ltr'><strong>Urbe</strong></span> <span class='ocrx_word' id='word_1_97' title='bbox 1302 1991 1387 2054; x_wconf 86' lang='lat' dir='ltr'><strong>Her-</strong></span> 
     </span>
     <span class='ocr_line' id='line_1_15' title="bbox 335 2093 1386 2191; baseline -0.004 -23"><span class='ocrx_word' id='word_1_98' title='bbox 335 2095 402 2168; x_wconf 84' lang='lat' dir='ltr'><strong>culi</strong></span> <span class='ocrx_word' id='word_1_99' title='bbox 426 2093 541 2164; x_wconf 74' lang='lat' dir='ltr'><strong>sacra4</strong></span> <span class='ocrx_word' id='word_1_100' title='bbox 559 2113 730 2165; x_wconf 89' lang='lat' dir='ltr'><strong>sumeret:</strong></span> <span class='ocrx_word' id='word_1_101' title='bbox 755 2095 968 2191; x_wconf 85' lang='lat' dir='ltr'><strong>abusumque</strong></span> <span class='ocrx_word' id='word_1_102' title='bbox 988 2094 1167 2164; x_wconf 86' lang='lat' dir='ltr'><strong>audentius</strong></span> <span class='ocrx_word' id='word_1_103' title='bbox 1187 2094 1386 2178; x_wconf 90' lang='lat' dir='ltr'><strong>mendacio,</strong></span> 
     </span>
     <span class='ocr_line' id='line_1_16' title="bbox 336 2204 1387 2300; baseline 0 -26"><span class='ocrx_word' id='word_1_104' title='bbox 336 2204 428 2300; x_wconf 88' lang='lat' dir='ltr'><strong>quod</strong></span> <span class='ocrx_word' id='word_1_105' title='bbox 441 2223 520 2288; x_wconf 82' lang='lat' dir='ltr'><strong>ante</strong></span> <span class='ocrx_word' id='word_1_106' title='bbox 536 2231 663 2276; x_wconf 86' lang='lat' dir='ltr'><strong>annum</strong></span> <span class='ocrx_word' id='word_1_107' title='bbox 675 2207 745 2275; x_wconf 91' lang='lat' dir='ltr'><strong>fere</strong></span> <span class='ocrx_word' id='word_1_108' title='bbox 757 2224 856 2277; x_wconf 89' lang='lat' dir='ltr'><strong>natus</strong></span> <span class='ocrx_word' id='word_1_109' title='bbox 870 2211 1070 2278; x_wconf 85' lang='lat' dir='ltr'><strong>Germanico</strong></span> <span class='ocrx_word' id='word_1_110' title='bbox 1084 2207 1173 2276; x_wconf 88' lang='lat' dir='ltr'><strong>filius</strong></span> <span class='ocrx_word' id='word_1_111' title='bbox 1184 2208 1303 2276; x_wconf 90' lang='lat' dir='ltr'><strong>Tiburi</strong></span> <span class='ocrx_word' id='word_1_112' title='bbox 1313 2208 1387 2274; x_wconf 87' lang='lat' dir='ltr'><strong>fue-</strong></span> 
     </span>
     <span class='ocr_line' id='line_1_17' title="bbox 330 2315 1389 2411; baseline -0.006 -22"><span class='ocrx_word' id='word_1_113' title='bbox 330 2332 403 2400; x_wconf 88' lang='lat' dir='ltr'><strong>rat,</strong></span> <span class='ocrx_word' id='word_1_114' title='bbox 415 2315 605 2409; x_wconf 89' lang='lat' dir='ltr'><strong>appellatus</strong></span> <span class='ocrx_word' id='word_1_115' title='bbox 618 2321 733 2411; x_wconf 90' lang='lat' dir='ltr'><strong>etipse</strong></span> <span class='ocrx_word' id='word_1_116' title='bbox 745 2322 780 2386; x_wconf 89' lang='lat' dir='ltr'><strong>C.</strong></span> <span class='ocrx_word' id='word_1_117' title='bbox 792 2322 918 2402; x_wconf 64' lang='lat' dir='ltr'><strong>Caesam</strong></span> <span class='ocrx_word' id='word_1_118' title='bbox 932 2317 975 2385; x_wconf 89' lang='lat' dir='ltr'><strong>de</strong></span> <span class='ocrx_word' id='word_1_119' title='bbox 986 2315 1084 2410; x_wconf 86' lang='lat' dir='ltr'><strong>cujus</strong></span> <span class='ocrx_word' id='word_1_120' title='bbox 1096 2316 1231 2385; x_wconf 86' lang='lat' dir='ltr'><strong>amabili</strong></span> <span class='ocrx_word' id='word_1_121' title='bbox 1242 2320 1389 2411; x_wconf 89' lang='lat' dir='ltr'><strong>pueritia</strong></span> 
     </span>
     <span class='ocr_line' id='line_1_18' title="bbox 336 2426 1388 2522; baseline 0.001 -29"><span class='ocrx_word' id='word_1_122' title='bbox 336 2428 583 2522; x_wconf 86' lang='lat' dir='ltr'><strong>immaturoque</strong></span> <span class='ocrx_word' id='word_1_123' title='bbox 601 2426 694 2495; x_wconf 91' lang='lat' dir='ltr'><strong>obitu</strong></span> <span class='ocrx_word' id='word_1_124' title='bbox 710 2453 814 2521; x_wconf 87' lang='lat' dir='ltr'><strong>supra</strong></span> <span class='ocrx_word' id='word_1_125' title='bbox 832 2428 988 2498; x_wconf 85' lang='lat' dir='ltr'><strong>diximus.</strong></span> <span class='ocrx_word' id='word_1_126' title='bbox 1009 2429 1154 2497; x_wconf 90' lang='lat' dir='ltr'><strong>Plinium</strong></span> <span class='ocrx_word' id='word_1_127' title='bbox 1173 2429 1284 2518; x_wconf 87' lang='lat' dir='ltr'><strong>arguit</strong></span> <span class='ocrx_word' id='word_1_128' title='bbox 1300 2429 1388 2494; x_wconf 91' lang='lat' dir='ltr'><strong>ratio</strong></span> 
     </span>
    </p>
   </div>
   <div class='ocr_carea' id='block_1_5' title="bbox 335 2535 1388 2635">
    <p class='ocr_par' dir='ltr' id='par_1_5' title="bbox 335 2535 1388 2635">
     <span class='ocr_line' id='line_1_19' title="bbox 335 2535 1388 2635; baseline 0.003 -31"><span class='ocrx_word' id='word_1_129' title='bbox 335 2553 537 2631; x_wconf 89' lang='lat' dir='ltr'><strong>temporum.</strong></span> <span class='ocrx_word' id='word_1_130' title='bbox 554 2544 639 2609; x_wconf 88' lang='lat' dir='ltr'><strong>blam</strong></span> <span class='ocrx_word' id='word_1_131' title='bbox 658 2542 716 2635; x_wconf 91' lang='lat' dir='ltr'><strong>qui</strong></span> <span class='ocrx_word' id='word_1_132' title='bbox 736 2565 791 2610; x_wconf 91' lang='lat' dir='ltr'><strong>res</strong></span> <span class='ocrx_word' id='word_1_133' title='bbox 810 2545 952 2632; x_wconf 76' lang='lat' dir='ltr'><strong>Augusti</strong></span> <span class='ocrx_word' id='word_1_134' title='bbox 971 2544 1141 2610; x_wconf 82' lang='lat' dir='ltr'><strong>memoriae</strong></span> <span class='ocrx_word' id='word_1_135' title='bbox 1161 2535 1388 2620; x_wconf 81' lang='lat' dir='ltr'><strong>mandarunt,</strong></span> 
     </span>
    </p>
   </div>
   <div class='ocr_carea' id='block_1_6' title="bbox 334 2729 1389 3441">
    <p class='ocr_par' dir='ltr' id='par_1_6' title="bbox 335 2729 1389 3045">
     <span class='ocr_line' id='line_1_20' title="bbox 371 2729 1386 2806; baseline 0.002 -24"><span class='ocrx_word' id='word_1_136' title='bbox 371 2732 472 2784; x_wconf 78' lang='lat' dir='ltr'><strong>vntr.</strong></span> <span class='ocrx_word' id='word_1_137' title='bbox 485 2733 574 2785; x_wconf 78' lang='lat' dir='ltr'><strong>Pridie</strong></span> <span class='ocrx_word' id='word_1_138' title='bbox 582 2734 838 2806; x_wconf 80' lang='lat' dir='ltr'><strong>KalendatSeptem-</strong></span> <span class='ocrx_word' id='word_1_139' title='bbox 883 2736 969 2806; x_wconf 88' lang='lat' dir='ltr'><strong>varie)</strong></span> <span class='ocrx_word' id='word_1_140' title='bbox 990 2735 1095 2806; x_wconf 87' lang='lat' dir='ltr'><strong>locique</strong></span> <span class='ocrx_word' id='word_1_141' title='bbox 1117 2735 1187 2802; x_wconf 81' lang='lat' dir='ltr'><strong>situ,</strong></span> <span class='ocrx_word' id='word_1_142' title='bbox 1208 2730 1267 2784; x_wconf 84' lang='lat' dir='ltr'><strong>vide</strong></span> <span class='ocrx_word' id='word_1_143' title='bbox 1288 2729 1386 2784; x_wconf 79' lang='lat' dir='ltr'><strong>cellar.</strong></span> 
     </span>
     <span class='ocr_line' id='line_1_21' title="bbox 336 2809 1387 2888; baseline 0.003 -28"><span class='ocrx_word' id='word_1_144' title='bbox 336 2809 396 2864; x_wconf 79' lang='lat' dir='ltr'><strong>tres.</strong></span> <span class='ocrx_word' id='word_1_145' title='bbox 416 2811 553 2863; x_wconf 87' lang='lat' dir='ltr'><strong>Consentit</strong></span> <span class='ocrx_word' id='word_1_146' title='bbox 569 2813 637 2878; x_wconf 89' lang='lat' dir='ltr'><strong>Dio,</strong></span> <span class='ocrx_word' id='word_1_147' title='bbox 655 2813 728 2880; x_wconf 86' lang='lat' dir='ltr'><strong>LIX,</strong></span> <span class='ocrx_word' id='word_1_148' title='bbox 748 2829 779 2881; x_wconf 92' lang='lat'><strong>7,</strong></span> <span class='ocrx_word' id='word_1_149' title='bbox 797 2812 837 2866; x_wconf 72' lang='lat' dir='ltr'><strong>eir</strong></span> <span class='ocrx_word' id='word_1_150' title='bbox 883 2818 978 2888; x_wconf 86' lang='lat' dir='ltr'><strong>Geogr.</strong></span> <span class='ocrx_word' id='word_1_151' title='bbox 994 2816 1056 2869; x_wconf 79' lang='lat' dir='ltr'><strong>Ant.</strong></span> <span class='ocrx_word' id='word_1_152' title='bbox 1075 2818 1112 2882; x_wconf 88' lang='lat' dir='ltr'><strong>ll,</strong></span> <span class='ocrx_word' id='word_1_153' title='bbox 1126 2815 1158 2879; x_wconf 84' lang='lat'><strong>3,</strong></span> <span class='ocrx_word' id='word_1_154' title='bbox 1177 2831 1239 2885; x_wconf 88' lang='lat' dir='ltr'><strong>pag.</strong></span> <span class='ocrx_word' id='word_1_155' title='bbox 1260 2813 1308 2864; x_wconf 84' lang='lat'><strong>321</strong></span> <span class='ocrx_word' id='word_1_156' title='bbox 1331 2831 1387 2885; x_wconf 85' lang='lat' dir='ltr'><strong>seq.</strong></span> 
     </span>
     <span class='ocr_line' id='line_1_22' title="bbox 335 2889 1387 2963; baseline 0.001 -20"><span class='ocrx_word' id='word_1_157' title='bbox 335 2891 472 2946; x_wconf 69' lang='lat' dir='ltr'><strong>rearmatur</strong></span> <span class='ocrx_word' id='word_1_158' title='bbox 493 2892 535 2943; x_wconf 70' lang='lat' dir='ltr'><strong>rei</strong></span> <span class='ocrx_word' id='word_1_159' title='bbox 562 2889 698 2959; x_wconf 70' lang='lat' dir='ltr'><strong>adprime</strong></span> <span class='ocrx_word' id='word_1_160' title='bbox 720 2892 839 2946; x_wconf 83' lang='lat' dir='ltr'><strong>natalem</strong></span> <span class='ocrx_word' id='word_1_161' title='bbox 883 2894 945 2954; x_wconf 85' lang='lat' dir='ltr'><strong>coll.</strong></span> <span class='ocrx_word' id='word_1_162' title='bbox 960 2896 1053 2946; x_wconf 87' lang='lat' dir='ltr'><strong>Manu.</strong></span> <span class='ocrx_word' id='word_1_163' title='bbox 1065 2894 1162 2963; x_wconf 86' lang='lat' dir='ltr'><strong>Geogr·</strong></span> <span class='ocrx_word' id='word_1_164' title='bbox 1174 2893 1256 2948; x_wconf 84' lang='lat' dir='ltr'><strong>Graec.</strong></span> <span class='ocrx_word' id='word_1_165' title='bbox 1270 2903 1295 2944; x_wconf 90' lang='lat' dir='ltr'><strong>et</strong></span> <span class='ocrx_word' id='word_1_166' title='bbox 1310 2891 1387 2944; x_wconf 82' lang='lat' dir='ltr'><strong>Rom.</strong></span> 
     </span>
     <span class='ocr_line' id='line_1_23' title="bbox 336 2969 1389 3045; baseline 0 -22"><span class='ocrx_word' id='word_1_167' title='bbox 336 2974 394 3042; x_wconf 85' lang='lat' dir='ltr'><strong>ejus</strong></span> <span class='ocrx_word' id='word_1_168' title='bbox 408 2973 508 3025; x_wconf 86' lang='lat' dir='ltr'><strong>dicens.</strong></span> <span class='ocrx_word' id='word_1_169' title='bbox 524 2971 616 3025; x_wconf 80' lang='lat' dir='ltr'><strong>Annus</strong></span> <span class='ocrx_word' id='word_1_170' title='bbox 630 2974 681 3024; x_wconf 86' lang='lat' dir='ltr'><strong>fuit</strong></span> <span class='ocrx_word' id='word_1_171' title='bbox 695 2973 754 3043; x_wconf 85' lang='lat'><strong>765.</strong></span> <span class='ocrx_word' id='word_1_172' title='bbox 883 2973 936 3025; x_wconf 79' lang='lat' dir='ltr'><strong>rol.</strong></span> <span class='ocrx_word' id='word_1_173' title='bbox 953 2975 988 3037; x_wconf 89' lang='lat' dir='ltr'><strong>ll,</strong></span> <span class='ocrx_word' id='word_1_174' title='bbox 1000 2993 1028 3043; x_wconf 89' lang='lat' dir='ltr'><strong>p.</strong></span> <span class='ocrx_word' id='word_1_175' title='bbox 1044 2972 1091 3026; x_wconf 80' lang='lat'><strong>185</strong></span> <span class='ocrx_word' id='word_1_176' title='bbox 1103 2991 1158 3043; x_wconf 88' lang='lat' dir='ltr'><strong>seq.</strong></span> <span class='ocrx_word' id='word_1_177' title='bbox 1174 3000 1210 3010; x_wconf 89' lang='lat'><em>-</em></span> <span class='ocrx_word' id='word_1_178' title='bbox 1223 2969 1389 3045; x_wconf 81' lang='lat' dir='ltr'><strong>Confluentes</strong></span> 
     </span>
    </p>

    <p class='ocr_par' dir='ltr' id='par_1_7' title="bbox 334 3047 1389 3441">
     <span class='ocr_line' id='line_1_24' title="bbox 372 3047 1388 3114; baseline -0.002 -12"><span class='ocrx_word' id='word_1_179' title='bbox 372 3069 396 3102; x_wconf 80' lang='lat' dir='ltr'><strong>a.</strong></span> <span class='ocrx_word' id='word_1_180' title='bbox 418 3053 464 3104; x_wconf 81' lang='lat' dir='ltr'><strong>Cn.</strong></span> <span class='ocrx_word' id='word_1_181' title='bbox 481 3051 607 3104; x_wconf 76' lang='lat' dir='ltr'><strong>Lentulus</strong></span> <span class='ocrx_word' id='word_1_182' title='bbox 625 3051 773 3104; x_wconf 75' lang='lat' dir='ltr'><strong>Gaetulicus.</strong></span> <span class='ocrx_word' id='word_1_183' title='bbox 791 3051 838 3102; x_wconf 89' lang='lat' dir='ltr'><strong>Di·</strong></span> <span class='ocrx_word' id='word_1_184' title='bbox 884 3065 945 3104; x_wconf 87' lang='lat' dir='ltr'><strong>suut</strong></span> <span class='ocrx_word' id='word_1_185' title='bbox 960 3049 1075 3102; x_wconf 84' lang='lat' dir='ltr'><strong>Mosellae</strong></span> <span class='ocrx_word' id='word_1_186' title='bbox 1090 3064 1115 3101; x_wconf 84' lang='lat' dir='ltr'><strong>et</strong></span> <span class='ocrx_word' id='word_1_187' title='bbox 1129 3049 1229 3114; x_wconf 86' lang='lat' dir='ltr'><strong>Rheni,</strong></span> <span class='ocrx_word' id='word_1_188' title='bbox 1242 3047 1323 3100; x_wconf 87' lang='lat' dir='ltr'><strong>bodie</strong></span> <span class='ocrx_word' id='word_1_189' title='bbox 1339 3051 1388 3100; x_wconf 84' lang='lat' dir='ltr'><strong>Co-</strong></span> 
     </span>
     <span class='ocr_line' id='line_1_25' title="bbox 334 3128 1388 3200; baseline -0.002 -18"><span class='ocrx_word' id='word_1_190' title='bbox 334 3128 523 3200; x_wconf 81' lang='lat' dir='ltr'><strong>stingueudum</strong></span> <span class='ocrx_word' id='word_1_191' title='bbox 534 3128 689 3184; x_wconf 72' lang='lat' dir='ltr'><strong>Getulicum</strong></span> <span class='ocrx_word' id='word_1_192' title='bbox 699 3149 714 3182; x_wconf 88' lang='lat' dir='ltr'><strong>a</strong></span> <span class='ocrx_word' id='word_1_193' title='bbox 725 3129 838 3182; x_wconf 86' lang='lat' dir='ltr'><strong>Lentulo</strong></span> <span class='ocrx_word' id='word_1_194' title='bbox 883 3131 977 3186; x_wconf 71' lang='lat' dir='ltr'><strong>blentz.</strong></span> <span class='ocrx_word' id='word_1_195' title='bbox 991 3134 1127 3195; x_wconf 86' lang='lat' dir='ltr'><strong>Ceterum,</strong></span> <span class='ocrx_word' id='word_1_196' title='bbox 1138 3131 1215 3182; x_wconf 89' lang='lat' dir='ltr'><strong>Plinii</strong></span> <span class='ocrx_word' id='word_1_197' title='bbox 1227 3130 1388 3182; x_wconf 84' lang='lat' dir='ltr'><strong>sententiam</strong></span> 
     </span>
     <span class='ocr_line' id='line_1_26' title="bbox 335 3208 1388 3282; baseline -0.003 -19"><span class='ocrx_word' id='word_1_198' title='bbox 335 3210 457 3279; x_wconf 77' lang='lat' dir='ltr'><strong>Augure,</strong></span> <span class='ocrx_word' id='word_1_199' title='bbox 473 3208 572 3282; x_wconf 87' lang='lat' dir='ltr'><strong>dequo</strong></span> <span class='ocrx_word' id='word_1_200' title='bbox 587 3209 686 3262; x_wconf 90' lang='lat' dir='ltr'><strong>dictum</strong></span> <span class='ocrx_word' id='word_1_201' title='bbox 699 3208 734 3261; x_wconf 90' lang='lat' dir='ltr'><strong>ad</strong></span> <span class='ocrx_word' id='word_1_202' title='bbox 749 3208 840 3261; x_wconf 87' lang='lat' dir='ltr'><strong>Tiber.</strong></span> <span class='ocrx_word' id='word_1_203' title='bbox 880 3211 1022 3270; x_wconf 74' lang='lat' dir='ltr'><strong>,confirmat</strong></span> <span class='ocrx_word' id='word_1_204' title='bbox 1035 3211 1119 3262; x_wconf 82' lang='lat' dir='ltr'><strong>Tacit.</strong></span> <span class='ocrx_word' id='word_1_205' title='bbox 1136 3211 1161 3270; x_wconf 90' lang='lat'><strong>1,</strong></span> <span class='ocrx_word' id='word_1_206' title='bbox 1172 3208 1217 3274; x_wconf 70' lang='lat' dir='ltr'><strong>qr,</strong></span> <span class='ocrx_word' id='word_1_207' title='bbox 1232 3209 1341 3260; x_wconf 84' lang='lat' dir='ltr'><strong>·infans</strong></span> <span class='ocrx_word' id='word_1_208' title='bbox 1357 3211 1388 3262; x_wconf 82' lang='lat' dir='ltr'><strong>in</strong></span> 
     </span>
     <span class='ocr_line' id='line_1_27' title="bbox 335 3285 1389 3358; baseline -0.005 -13"><span class='ocrx_word' id='word_1_209' title='bbox 335 3288 384 3356; x_wconf 74' lang='grc'><strong>49,</strong></span> <span class='ocrx_word' id='word_1_210' title='bbox 400 3307 431 3345; x_wconf 76' lang='lat' dir='ltr'><strong>ac</strong></span> <span class='ocrx_word' id='word_1_211' title='bbox 445 3289 512 3344; x_wconf 87' lang='lat' dir='ltr'><strong>duos</strong></span> <span class='ocrx_word' id='word_1_212' title='bbox 525 3291 606 3342; x_wconf 82' lang='lat' dir='ltr'><strong>fuisse</strong></span> <span class='ocrx_word' id='word_1_213' title='bbox 621 3289 775 3354; x_wconf 74' lang='lat' dir='ltr'><strong>catolicos,</strong></span> <span class='ocrx_word' id='word_1_214' title='bbox 791 3306 839 3358; x_wconf 86' lang='lat' dir='ltr'><strong>pa·</strong></span> <span class='ocrx_word' id='word_1_215' title='bbox 884 3290 970 3343; x_wconf 74' lang='lat' dir='ltr'><strong>eastris</strong></span> <span class='ocrx_word' id='word_1_216' title='bbox 980 3289 1098 3358; x_wconf 84' lang='lat' dir='ltr'><strong>genitus,</strong></span> <span class='ocrx_word' id='word_1_217' title='bbox 1114 3290 1142 3339; x_wconf 91' lang='lat' dir='ltr'><strong>in</strong></span> <span class='ocrx_word' id='word_1_218' title='bbox 1159 3286 1336 3340; x_wconf 88' lang='lat' dir='ltr'><strong>contubernio</strong></span> <span class='ocrx_word' id='word_1_219' title='bbox 1350 3285 1389 3340; x_wconf 89' lang='lat' dir='ltr'><strong>le·</strong></span> 
     </span>
     <span class='ocr_line' id='line_1_28' title="bbox 335 3364 1389 3441; baseline -0.001 -20"><span class='ocrx_word' id='word_1_220' title='bbox 335 3382 416 3436; x_wconf 80' lang='lat' dir='ltr'><strong>trem,</strong></span> <span class='ocrx_word' id='word_1_221' title='bbox 433 3371 508 3438; x_wconf 85' lang='lat' dir='ltr'><strong>eujus</strong></span> <span class='ocrx_word' id='word_1_222' title='bbox 527 3383 639 3424; x_wconf 83' lang='lat' dir='ltr'><strong>mortem</strong></span> <span class='ocrx_word' id='word_1_223' title='bbox 657 3369 738 3422; x_wconf 83' lang='lat' dir='ltr'><strong>refert</strong></span> <span class='ocrx_word' id='word_1_224' title='bbox 753 3368 838 3420; x_wconf 87' lang='lat' dir='ltr'><strong>Tacit.</strong></span> <span class='ocrx_word' id='word_1_225' title='bbox 883 3371 992 3441; x_wconf 89' lang='lat' dir='ltr'><strong>giouum</strong></span> <span class='ocrx_word' id='word_1_226' title='bbox 1003 3367 1129 3432; x_wconf 87' lang='lat' dir='ltr'><strong>eductus,</strong></span> <span class='ocrx_word' id='word_1_227' title='bbox 1140 3385 1219 3438; x_wconf 83' lang='lat' dir='ltr'><strong>quem</strong></span> <span class='ocrx_word' id='word_1_228' title='bbox 1228 3364 1333 3417; x_wconf 85' lang='lat' dir='ltr'><strong>militari</strong></span> <span class='ocrx_word' id='word_1_229' title='bbox 1342 3384 1389 3424; x_wconf 75' lang='lat' dir='ltr'><strong>vo,-</strong></span> 
     </span>
    </p>
   </div>
   <div class='ocr_carea' id='block_1_7' title="bbox 239 3444 1388 3519">
    <p class='ocr_par' dir='ltr' id='par_1_8' title="bbox 239 3444 1388 3519">
     <span class='ocr_line' id='line_1_29' title="bbox 239 3444 1388 3519; baseline -0.003 -20"><span class='ocrx_word' id='word_1_230' title='bbox 239 3447 243 3454; x_wconf 74' lang='grc'><strong>“</strong></span> <span class='ocrx_word' id='word_1_231' title='bbox 335 3447 431 3510; x_wconf 73' lang='lat' dir='ltr'><strong>Annal.</strong></span> <span class='ocrx_word' id='word_1_232' title='bbox 452 3449 497 3515; x_wconf 89' lang='lat' dir='ltr'><strong>IV,</strong></span> <span class='ocrx_word' id='word_1_233' title='bbox 516 3447 566 3514; x_wconf 75' lang='grc'><strong>44,</strong></span> <span class='ocrx_word' id='word_1_234' title='bbox 588 3447 623 3500; x_wconf 84' lang='lat' dir='ltr'><strong>ad</strong></span> <span class='ocrx_word' id='word_1_235' title='bbox 641 3465 703 3502; x_wconf 81' lang='lat' dir='ltr'><strong>ann.</strong></span> <span class='ocrx_word' id='word_1_236' title='bbox 723 3451 793 3519; x_wconf 86' lang='lat'><strong>778,</strong></span> <span class='ocrx_word' id='word_1_237' title='bbox 812 3460 838 3501; x_wconf 88' lang='lat' dir='ltr'><strong>et</strong></span> <span class='ocrx_word' id='word_1_238' title='bbox 882 3444 1388 3518; x_wconf 75' lang='lat' dir='ltr'><strong>cabuloCaligulamappellabant,etc.»</strong></span> 
     </span>
    </p>
   </div>
   <div class='ocr_carea' id='block_1_8' title="bbox 334 3526 1432 4154">
    <p class='ocr_par' dir='ltr' id='par_1_9' title="bbox 334 3526 1432 4154">
     <span class='ocr_line' id='line_1_30' title="bbox 336 3526 1388 3600; baseline -0.001 -21"><span class='ocrx_word' id='word_1_239' title='bbox 336 3527 435 3593; x_wconf 85' lang='lat' dir='ltr'><strong>filium,</strong></span> <span class='ocrx_word' id='word_1_240' title='bbox 453 3527 487 3579; x_wconf 90' lang='lat' dir='ltr'><strong>de</strong></span> <span class='ocrx_word' id='word_1_241' title='bbox 503 3546 556 3600; x_wconf 92' lang='lat' dir='ltr'><strong>quo</strong></span> <span class='ocrx_word' id='word_1_242' title='bbox 574 3526 617 3588; x_wconf 86' lang='lat' dir='ltr'><strong>bio</strong></span> <span class='ocrx_word' id='word_1_243' title='bbox 634 3547 736 3595; x_wconf 87' lang='lat' dir='ltr'><strong>sermo,</strong></span> <span class='ocrx_word' id='word_1_244' title='bbox 753 3529 838 3582; x_wconf 88' lang='lat' dir='ltr'><strong>histo·</strong></span> <span class='ocrx_word' id='word_1_245' title='bbox 880 3531 931 3580; x_wconf 84' lang='lat' dir='ltr'><strong>Pro</strong></span> <span class='ocrx_word' id='word_1_246' title='bbox 943 3530 1038 3580; x_wconf 87' lang='lat' dir='ltr'><strong>Tacito</strong></span> <span class='ocrx_word' id='word_1_247' title='bbox 1051 3540 1153 3598; x_wconf 83' lang='lat' dir='ltr'><strong>pugnat</strong></span> <span class='ocrx_word' id='word_1_248' title='bbox 1163 3529 1283 3598; x_wconf 87' lang='lat' dir='ltr'><strong>Lipsius,</strong></span> <span class='ocrx_word' id='word_1_249' title='bbox 1297 3527 1325 3579; x_wconf 92' lang='lat' dir='ltr'><strong>in</strong></span> <span class='ocrx_word' id='word_1_250' title='bbox 1337 3527 1388 3578; x_wconf 81' lang='lat' dir='ltr'><strong>Ex·</strong></span> 
     </span>
     <span class='ocr_line' id='line_1_31' title="bbox 334 3606 1387 3679; baseline -0.002 -19"><span class='ocrx_word' id='word_1_251' title='bbox 334 3609 380 3664; x_wconf 84' lang='lat' dir='ltr'><strong>riis</strong></span> <span class='ocrx_word' id='word_1_252' title='bbox 388 3607 682 3679; x_wconf 84' lang='lat' dir='ltr'><strong>carminibusquereque</strong></span> <span class='ocrx_word' id='word_1_253' title='bbox 692 3607 837 3673; x_wconf 87' lang='lat' dir='ltr'><strong>celebrem,</strong></span> <span class='ocrx_word' id='word_1_254' title='bbox 882 3627 961 3662; x_wconf 87' lang='lat' dir='ltr'><strong>cursu</strong></span> <span class='ocrx_word' id='word_1_255' title='bbox 973 3608 1008 3660; x_wconf 87' lang='lat' dir='ltr'><strong>ad</strong></span> <span class='ocrx_word' id='word_1_256' title='bbox 1020 3606 1110 3659; x_wconf 85' lang='lat' dir='ltr'><strong>locum</strong></span> <span class='ocrx_word' id='word_1_257' title='bbox 1123 3609 1248 3666; x_wconf 78' lang='lat' dir='ltr'><strong>citatum3</strong></span> <span class='ocrx_word' id='word_1_258' title='bbox 1263 3623 1312 3675; x_wconf 89' lang='lat' dir='ltr'><strong>pro</strong></span> <span class='ocrx_word' id='word_1_259' title='bbox 1325 3606 1387 3658; x_wconf 86' lang='lat' dir='ltr'><strong>Sue·</strong></span> 
     </span>
     <span class='ocr_line' id='line_1_32' title="bbox 336 3684 1387 3758; baseline 0 -20"><span class='ocrx_word' id='word_1_260' title='bbox 336 3685 479 3748; x_wconf 76' lang='lat' dir='ltr'><strong>Consulem</strong></span> <span class='ocrx_word' id='word_1_261' title='bbox 495 3707 554 3740; x_wconf 88' lang='lat' dir='ltr'><strong>ann.</strong></span> <span class='ocrx_word' id='word_1_262' title='bbox 566 3706 631 3758; x_wconf 87' lang='lat'><strong>779,</strong></span> <span class='ocrx_word' id='word_1_263' title='bbox 646 3688 836 3741; x_wconf 86' lang='lat' dir='ltr'><strong>interfectuma</strong></span> <span class='ocrx_word' id='word_1_264' title='bbox 882 3688 957 3739; x_wconf 91' lang='lat' dir='ltr'><strong>tonio</strong></span> <span class='ocrx_word' id='word_1_265' title='bbox 969 3688 1105 3738; x_wconf 86' lang='lat' dir='ltr'><strong>Ernestius</strong></span> <span class='ocrx_word' id='word_1_266' title='bbox 1120 3685 1154 3737; x_wconf 85' lang='lat' dir='ltr'><strong>ad</strong></span> <span class='ocrx_word' id='word_1_267' title='bbox 1168 3698 1297 3738; x_wconf 84' lang='lat' dir='ltr'><strong>nostrum.</strong></span> <span class='ocrx_word' id='word_1_268' title='bbox 1309 3684 1387 3738; x_wconf 81' lang='lat' dir='ltr'><strong>Arbi-</strong></span> 
     </span>
     <span class='ocr_line' id='line_1_33' title="bbox 336 3764 1388 3840; baseline -0.003 -21"><span class='ocrx_word' id='word_1_269' title='bbox 336 3766 455 3838; x_wconf 87' lang='lat' dir='ltr'><strong>Caligula</strong></span> <span class='ocrx_word' id='word_1_270' title='bbox 472 3785 532 3820; x_wconf 84' lang='lat' dir='ltr'><strong>ann.</strong></span> <span class='ocrx_word' id='word_1_271' title='bbox 552 3785 602 3837; x_wconf 81' lang='lat'><strong>79²</strong></span> <span class='ocrx_word' id='word_1_272' title='bbox 622 3769 657 3820; x_wconf 93' lang='lat' dir='ltr'><strong>ob</strong></span> <span class='ocrx_word' id='word_1_273' title='bbox 674 3770 837 3840; x_wconf 84' lang='lat' dir='ltr'><strong>conjuratio-</strong></span> <span class='ocrx_word' id='word_1_274' title='bbox 881 3779 923 3820; x_wconf 89' lang='lat' dir='ltr'><strong>ter</strong></span> <span class='ocrx_word' id='word_1_275' title='bbox 935 3764 1014 3818; x_wconf 89' lang='lat' dir='ltr'><strong>hodie</strong></span> <span class='ocrx_word' id='word_1_276' title='bbox 1031 3784 1110 3818; x_wconf 87' lang='lat' dir='ltr'><strong>nemo</strong></span> <span class='ocrx_word' id='word_1_277' title='bbox 1128 3767 1222 3832; x_wconf 87' lang='lat' dir='ltr'><strong>fuerit,</strong></span> <span class='ocrx_word' id='word_1_278' title='bbox 1239 3783 1289 3816; x_wconf 86' lang='lat' dir='ltr'><strong>nec</strong></span> <span class='ocrx_word' id='word_1_279' title='bbox 1306 3765 1388 3816; x_wconf 82' lang='lat' dir='ltr'><strong>refert</strong></span> 
     </span>
     <span class='ocr_line' id='line_1_34' title="bbox 337 3843 1388 3917; baseline -0.004 -16"><span class='ocrx_word' id='word_1_280' title='bbox 337 3846 836 3917; x_wconf 77' lang='lat' dir='ltr'><strong>nem(videDion.UX,aa,etNostr.</strong></span> <span class='ocrx_word' id='word_1_281' title='bbox 882 3858 937 3896; x_wconf 85' lang='lat' dir='ltr'><strong>tam</strong></span> <span class='ocrx_word' id='word_1_282' title='bbox 957 3860 1080 3900; x_wconf 76' lang='lat' dir='ltr'><strong>accurate</strong></span> <span class='ocrx_word' id='word_1_283' title='bbox 1101 3847 1167 3898; x_wconf 86' lang='lat' dir='ltr'><strong>scire</strong></span> <span class='ocrx_word' id='word_1_284' title='bbox 1189 3843 1278 3898; x_wconf 80' lang='lat' dir='ltr'><strong>natale</strong></span> <span class='ocrx_word' id='word_1_285' title='bbox 1299 3843 1388 3898; x_wconf 83' lang='lat' dir='ltr'><strong>solum</strong></span> 
     </span>
     <span class='ocr_line' id='line_1_35' title="bbox 338 3923 1432 3998; baseline -0.002 -21"><span class='ocrx_word' id='word_1_286' title='bbox 338 3924 430 3978; x_wconf 84' lang='lat' dir='ltr'><strong>Claud.</strong></span> <span class='ocrx_word' id='word_1_287' title='bbox 450 3924 497 3996; x_wconf 80' lang='lat'><strong>9),</strong></span> <span class='ocrx_word' id='word_1_288' title='bbox 516 3925 595 3981; x_wconf 89' lang='lat' dir='ltr'><strong>docet</strong></span> <span class='ocrx_word' id='word_1_289' title='bbox 612 3927 683 3998; x_wconf 88' lang='lat' dir='ltr'><strong>Lips.</strong></span> <span class='ocrx_word' id='word_1_290' title='bbox 702 3926 736 3978; x_wconf 86' lang='lat' dir='ltr'><strong>ad</strong></span> <span class='ocrx_word' id='word_1_291' title='bbox 752 3929 836 3980; x_wconf 87' lang='lat' dir='ltr'><strong>Tacit.</strong></span> <span class='ocrx_word' id='word_1_292' title='bbox 881 3926 1205 3997; x_wconf 78' lang='lat' dir='ltr'><strong>monstr&#39;qutimetamen</strong></span> <span class='ocrx_word' id='word_1_293' title='bbox 1213 3925 1337 3980; x_wconf 88' lang='lat' dir='ltr'><strong>Oudeud.</strong></span> <span class='ocrx_word' id='word_1_294' title='bbox 1346 3923 1388 3976; x_wconf 85' lang='lat' dir='ltr'><strong>di·</strong></span> <span class='ocrx_word' id='word_1_295' title='bbox 1429 3981 1432 3986; x_wconf 21' lang='lat' dir='ltr'>y</span> 
     </span>
     <span class='ocr_line' id='line_1_36' title="bbox 337 4004 1387 4078; baseline 0.001 -21"><span class='ocrx_word' id='word_1_296' title='bbox 337 4005 434 4066; x_wconf 77' lang='lat' dir='ltr'><strong>Anual.</strong></span> <span class='ocrx_word' id='word_1_297' title='bbox 444 4005 460 4056; x_wconf 94' lang='lat' dir='ltr'><strong>l.</strong></span> <span class='ocrx_word' id='word_1_298' title='bbox 469 4023 492 4057; x_wconf 91' lang='lat' dir='ltr'><strong>e.</strong></span> <span class='ocrx_word' id='word_1_299' title='bbox 501 4005 548 4057; x_wconf 93' lang='lat' dir='ltr'><strong>ubi</strong></span> <span class='ocrx_word' id='word_1_300' title='bbox 558 4005 714 4075; x_wconf 76' lang='lat' dir='ltr'><strong>scriptores,</strong></span> <span class='ocrx_word' id='word_1_301' title='bbox 724 4007 769 4078; x_wconf 86' lang='lat' dir='ltr'><strong>qui</strong></span> <span class='ocrx_word' id='word_1_302' title='bbox 778 4023 838 4060; x_wconf 87' lang='lat' dir='ltr'><strong>eum</strong></span> <span class='ocrx_word' id='word_1_303' title='bbox 884 4017 973 4076; x_wconf 88' lang='lat' dir='ltr'><strong>sputat</strong></span> <span class='ocrx_word' id='word_1_304' title='bbox 983 4006 1009 4055; x_wconf 91' lang='lat' dir='ltr'><strong>in</strong></span> <span class='ocrx_word' id='word_1_305' title='bbox 1020 4018 1084 4056; x_wconf 89' lang='lat' dir='ltr'><strong>nota</strong></span> <span class='ocrx_word' id='word_1_306' title='bbox 1094 4005 1154 4058; x_wconf 86' lang='lat' dir='ltr'><strong>6ad</strong></span> <span class='ocrx_word' id='word_1_307' title='bbox 1163 4004 1215 4056; x_wconf 88' lang='lat' dir='ltr'><strong>hoe</strong></span> <span class='ocrx_word' id='word_1_308' title='bbox 1225 4021 1321 4076; x_wconf 87' lang='lat' dir='ltr'><strong>caput,</strong></span> <span class='ocrx_word' id='word_1_309' title='bbox 1333 4022 1387 4075; x_wconf 79' lang='lat' dir='ltr'><strong>qua</strong></span> 
     </span>
     <span class='ocr_line' id='line_1_37' title="bbox 338 4083 1327 4154; baseline -0.003 -18"><span class='ocrx_word' id='word_1_310' title='bbox 338 4090 529 4151; x_wconf 79' lang='lat' dir='ltr'><strong>memoravero,</strong></span> <span class='ocrx_word' id='word_1_311' title='bbox 541 4086 639 4136; x_wconf 83' lang='lat' dir='ltr'><strong>citavit.</strong></span> <span class='ocrx_word' id='word_1_312' title='bbox 882 4083 1004 4137; x_wconf 87' lang='lat' dir='ltr'><strong>Suetonii</strong></span> <span class='ocrx_word' id='word_1_313' title='bbox 1016 4097 1169 4154; x_wconf 72' lang='lat' dir='ltr'><strong>argumenta</strong></span> <span class='ocrx_word' id='word_1_314' title='bbox 1180 4085 1327 4139; x_wconf 86' lang='lat' dir='ltr'><strong>confirmat.</strong></span> 
     </span>
    </p>
   </div>
   <div class='ocr_carea' id='block_1_9' title="bbox 338 4161 1387 4318">
    <p class='ocr_par' dir='ltr' id='par_1_10' title="bbox 338 4161 1387 4318">
     <span class='ocr_line' id='line_1_38' title="bbox 373 4161 1387 4231; baseline -0.003 -13"><span class='ocrx_word' id='word_1_315' title='bbox 373 4167 398 4218; x_wconf 87' lang='lat'><strong>3.</strong></span> <span class='ocrx_word' id='word_1_316' title='bbox 420 4166 485 4222; x_wconf 79' lang='lat' dir='ltr'><strong>Vico</strong></span> <span class='ocrx_word' id='word_1_317' title='bbox 505 4165 667 4220; x_wconf 69' lang='lat' dir='ltr'><strong>Ambianos.</strong></span> <span class='ocrx_word' id='word_1_318' title='bbox 690 4165 730 4221; x_wconf 89' lang='lat' dir='ltr'><strong>De</strong></span> <span class='ocrx_word' id='word_1_319' title='bbox 749 4163 841 4216; x_wconf 88' lang='lat' dir='ltr'><strong>ortho-</strong></span> <span class='ocrx_word' id='word_1_320' title='bbox 920 4165 946 4231; x_wconf 73' lang='grc'><strong>4.</strong></span> <span class='ocrx_word' id='word_1_321' title='bbox 965 4165 1007 4215; x_wconf 81' lang='lat' dir='ltr'><strong>Ex</strong></span> <span class='ocrx_word' id='word_1_322' title='bbox 1023 4165 1083 4216; x_wconf 77' lang='lat' dir='ltr'><strong>urbe</strong></span> <span class='ocrx_word' id='word_1_323' title='bbox 1098 4163 1206 4218; x_wconf 80' lang='lat' dir='ltr'><strong>Heruuli</strong></span> <span class='ocrx_word' id='word_1_324' title='bbox 1222 4183 1302 4220; x_wconf 73' lang='lat' dir='ltr'><strong>sacru</strong></span> <span class='ocrx_word' id='word_1_325' title='bbox 1318 4161 1387 4216; x_wconf 84' lang='lat' dir='ltr'><strong>Vide</strong></span> 
     </span>
     <span class='ocr_line' id='line_1_39' title="bbox 338 4243 1105 4318; baseline -0.001 -21"><span class='ocrx_word' id='word_1_326' title='bbox 338 4245 449 4318; x_wconf 84' lang='lat' dir='ltr'><strong>graphia</strong></span> <span class='ocrx_word' id='word_1_327' title='bbox 470 4247 585 4300; x_wconf 84' lang='lat' dir='ltr'><strong>nominis</strong></span> <span class='ocrx_word' id='word_1_328' title='bbox 609 4243 751 4314; x_wconf 79' lang='lat' dir='ltr'><strong>(scribitur</strong></span> <span class='ocrx_word' id='word_1_329' title='bbox 771 4245 841 4298; x_wconf 83' lang='lat' dir='ltr'><strong>enim</strong></span> <span class='ocrx_word' id='word_1_330' title='bbox 886 4243 920 4296; x_wconf 90' lang='lat' dir='ltr'><strong>ad</strong></span> <span class='ocrx_word' id='word_1_331' title='bbox 933 4245 1047 4314; x_wconf 82' lang='lat' dir='ltr'><strong>August.</strong></span> <span class='ocrx_word' id='word_1_332' title='bbox 1063 4262 1105 4314; x_wconf 86' lang='lat'><strong>7²·</strong></span> 
     </span>
    </p>
   </div>
   <div class='ocr_carea' id='block_1_10' title="bbox 0 0 1542 5148">
    <p class='ocr_par' dir='ltr' id='par_1_11' title="bbox 0 0 1542 5148">
     <span class='ocr_line' id='line_1_40' title="bbox 0 0 1542 5148; baseline 0 0"><span class='ocrx_word' id='word_1_333' title='bbox 0 0 1542 5148; x_wconf 95' lang='lat' dir='ltr'><strong> </strong></span> 
     </span>
    </p>
   </div>
  </div>
 </body>
</html>
