3076 5146
786 510 1013 578 ERNESTll

659 895 663 906 ,
705 795 1023 896 EXCURSUS
1050 799 1096 892 X

563 1065 629 1137 tn
657 1063 1036 1153 vestusttuurt,
1063 1064 1149 1135 cia.
1182 1089 1238 1134 22.

379 1489 414 1574 P
415 1536 546 1574 etnuotn.
565 1521 664 1571 Mirum
679 1537 743 1572 sane
757 1531 810 1584 est,
827 1522 895 1571 Viris
913 1521 1008 1586 tantis,
1024 1519 1116 1592 quales
1129 1521 1303 1574 Casaubonus
1317 1535 1341 1574 et
1353 1525 1408 1574 llur·
1510 1505 1512 1524 l

379 1620 493 1655 mannus
503 1603 597 1667 fuere,
611 1601 730 1670 potuisse
746 1600 773 1650 in
785 1611 901 1652 mentem
913 1601 1019 1665 venire,
1035 1613 1065 1650 ut
1080 1613 1206 1672 putarent
1217 1600 1352 1671 legendum
1362 1621 1410 1656 esse

377 1682 512 1754 perducta.
526 1683 561 1733 Ut
572 1699 626 1731 non
637 1677 724 1729 dicam
740 1677 809 1730 ultra
820 1677 929 1730 modum
941 1676 1079 1752 sordidum
1092 1697 1159 1744 esse,
1177 1683 1359 1751 Imperatorem
1370 1699 1409 1753 pro
1511 1731 1512 1738 ,

379 1754 524 1814 concubitu
537 1763 657 1832 accipere
669 1758 833 1826 mercedem,
845 1757 927 1830 idque
941 1759 1115 1827 Suetonium,
1130 1775 1159 1812 ut
1172 1762 1291 1812 amnium
1303 1761 1412 1814 sordidis·

359 1858 362 1866 ’
380 1843 475 1894 simum
492 1861 550 1914 cap.
571 1841 602 1893 16
616 1851 887 1892 commemoraturum
902 1839 1001 1902 fuisse;
1020 1841 1087 1892 ratio
1103 1843 1276 1909 grammatica
1290 1853 1411 1913 repugnat

380 1923 449 1974 Nem
461 1920 570 1974 deberet
582 1937 639 1972 esse
651 1918 686 1970 ab
697 1919 789 1984 initio,
800 1930 947 1992 expugnato
960 1917 1030 1988 (non
1039 1921 1227 1990 cxpuqaatus).
1239 1957 1262 1970 ..
1276 1939 1354 1992 quum
1362 1938 1413 1990 perh
1510 1911 1512 1920 ⁴

323 2065 325 2071 ,
380 2001 467 2054 ducta.
478 2040 500 2053 ..
517 1999 670 2053 donavisset.
688 1996 738 2050 Sed
755 1998 919 2050 Burmannus
936 1999 1052 2049 occurrit
1066 1999 1121 2063 sic,
1139 2013 1169 2048 ut
1183 1998 1270 2050 dicate
1288 1999 1413 2066 sivnlgrta
1511 2039 1512 2066 3

380 2099 442 2133 vera
456 2083 506 2147 sit,
520 2081 547 2130 in
562 2076 734 2150 sequentibus
750 2094 807 2129 esse
824 2074 921 2127 debere
935 2076 1043 2148 inferri,
1057 2095 1111 2128 non
1129 2074 1237 2149 referri,
1254 2081 1315 2130 item
1331 2079 1413 2150 Vespa·
1511 2067 1512 2106 l

380 2162 469 2214 stanes
478 2161 628 2224 adamatus,
644 2176 698 2208 nun
708 2156 840 2207 adamato.
855 2153 896 2206 Ad
907 2157 1019 2226 primum
1035 2155 1109 2228 quod
1122 2159 1232 2224 attinet,
1243 2157 1414 2222 concedimus,

382 2239 476 2311 inferri
487 2237 673 2302 scribendum,
687 2237 778 2306 sicque
789 2235 986 2304 rescripsimus,
999 2248 1061 2307 post
1074 2236 1213 2288 Graevium.
1227 2239 1266 2288 lta
1280 2239 1346 2289 enim
1356 2236 1413 2288 clare
1511 2249 1512 2304 ζ

382 2317 466 2370 codex
483 2320 606 2380 Mearm,
620 2318 655 2367 ita
673 2314 744 2368 MSS.
759 2314 906 2364 Torrentii:
924 2315 961 2365 sic
976 2317 1054 2366 etiem
1071 2315 1124 2366 MS.
1141 2317 1230 2387 Lyser.
1243 2318 1371 2368 Summam
1382 2333 1415 2366 ss·
1510 2309 1512 2358 l

377 2397 451 2470 ferre
461 2397 603 2449 rationibus
614 2413 669 2448 non
679 2406 717 2447 est
726 2395 863 2445 Latinum:
878 2413 911 2445 ne
922 2393 1012 2445 addito
1024 2394 1130 2466 quidem
1142 2395 1184 2461 in,
1197 2408 1227 2447 ut
1236 2396 1293 2448 vult
1304 2399 1416 2447 burman-

383 2493 450 2542 nus,
465 2477 527 2527 satis
543 2476 666 2526 Latinum
682 2486 781 2545 putem.
798 2474 832 2524 In
849 2474 960 2526 rationes
975 2474 1066 2546 referri
1084 2473 1181 2525 dicitur
1197 2479 1319 2546 pecunia.
1336 2477 1415 2528 (icero
1510 2483 1512 2502 ¹

382 2555 458 2605 Verr.
472 2554 500 2621 1,
516 2551 561 2619 41,
581 2555 730 2619 «Tutores,
745 2549 969 2622 quemadmodum
988 2570 1045 2602 eam
1063 2555 1203 2622 pecuniam
1217 2556 1245 2605 in
1260 2556 1369 2607 rationes
1380 2572 1415 2604 ts·
1511 2605 1512 2610 ,

383 2632 501 2699 ferrent,
517 2649 571 2681 nou
586 2629 739 2682 videbant.»
756 2628 874 2698 Deinde,
890 2629 959 2682 unde
975 2625 1137 2700 intelligitur,
1150 2631 1242 2703 referri
1255 2652 1312 2686 esse
1323 2652 1368 2704 pro
1381 2650 1417 2683 ao·
1510 2651 1512 2692 ς

384 2724 488 2783 ceptum
503 2711 612 2782 referri?
623 2712 740 2775 Etenim,
756 2712 848 2762 sivein
861 2713 993 2783 acceptis,
1010 2713 1064 2764 sive
1080 2713 1107 2763 in
1120 2717 1243 2783 expensis
1256 2714 1352 2786 aliquid
1363 2714 1417 2766 scri·
1511 2707 1512 2748 3

384 2791 472 2859 batur,
482 2804 622 2864 utrumque
634 2792 725 2864 referri
732 2790 830 2842 dicitur
840 2791 867 2842 iu
879 2793 999 2846 rationes.
1007 2795 1040 2843 At
1049 2791 1166 2861 dativus,
1178 2793 1347 2866 Vespasiano,
1357 2794 1417 2846 banc
1511 2807 1512 2838 1

384 2874 629 2942 interpretationem
640 2870 768 2942 postulat.
779 2870 887 2938 Quare?
898 2872 940 2922 An
952 2870 1049 2923 dicitur
1059 2884 1179 2938 tentum,
1194 2875 1288 2947 referte
1298 2885 1417 2946 accepturu
1511 2877 1512 2886 ¹

344 3007 347 3013 ,
384 2949 483 3004 alicui.-
493 2969 548 3002 uon
557 2952 646 3017 etiam,
656 2949 896 3022 refemcxpensum
905 2949 1260 3022 alicuiidpudCiceronem‚
1267 2973 1318 3025 pro
1324 2952 1418 3014 Flacco,

385 3047 445 3102 cap.
461 3047 508 3100 19,
522 3029 640 3102 referunt
652 3029 724 3103 operi
734 3027 855 3100 publico,
871 3048 926 3081 non
940 3043 979 3082 est
993 3049 1137 3102 expensam
1151 3033 1225 3102 operi
1237 3029 1360 3103 publico,
1371 3033 1418 3084 site

385 3112 472 3184 operis
485 3111 587 3183 publici
603 3111 713 3164 caussa?
726 3110 875 3181 Esptensum
882 3109 955 3181 ferre
971 3110 1053 3163 alicui
1067 3113 1171 3182 quoties
1184 3126 1224 3165 est
1235 3112 1309 3184 apud
1322 3113 1417 3164 Cicem·
1511 3149 1512 3156 κ

277 3249 280 3256 1
384 3211 461 3259 nem,
476 3209 525 3262 pto
539 3192 636 3244 Roscio
648 3188 791 3256 Comoedo,
804 3203 830 3243 et
843 3189 921 3242 alibi!
934 3190 972 3242 lix
984 3190 1080 3262 quibus
1092 3193 1143 3259 sit,
1157 3205 1186 3244 ut
1197 3193 1328 3265 perducta
1337 3211 1418 3244 rerunt

385 3272 427 3323 sit.
449 3272 606 3344 Vespasiano
622 3271 744 3324 adamato
761 3287 920 3340 expetitum,
934 3282 974 3323 est
993 3285 1070 3324 acute
1088 3269 1196 3324 dictum.
1212 3275 1340 3340 Femina,
1356 3269 1419 3324 band

385 3349 466 3403 dubie
475 3351 584 3419 nobilis,
596 3369 694 3403 nomen
704 3363 730 3402 et
739 3367 859 3402 caussam
870 3349 938 3401 datm
949 3352 1068 3421 pecunie
1079 3352 1107 3402 in
1118 3350 1216 3404 tabulis
1228 3352 1322 3418 scribi,
1336 3370 1419 3423 parum

386 3427 513 3480 decorum
525 3443 589 3482 erat.
601 3429 715 3482 Volebat
730 3447 793 3499 ergo
805 3427 898 3496 scribi,
911 3432 1053 3501 pecuniam
1065 3449 1123 3482 eam
1133 3444 1278 3503 propterea
1289 3449 1418 3504 expensam

386 3527 459 3574 esse,
471 3511 533 3580 quia
544 3511 722 3580 Vespasianus
735 3508 873 3561 adamatus
886 3509 934 3560 sit:
949 3511 1006 3579 ejus
1020 3527 1115 3562 caussa
1128 3509 1200 3562 illam
1213 3514 1353 3582 pecuniam
1363 3529 1419 3562 con·

386 3599 500 3640 sumtum
512 3608 584 3642 esse:
599 3589 677 3660 plane
690 3603 719 3641 ut
734 3590 762 3640 in
774 3587 819 3640 illo
835 3589 906 3660 operi
915 3590 1020 3661 publico
1032 3589 1129 3662 referri.
1145 3592 1275 3647 Ceterum
1289 3594 1364 3647 sentit
1376 3609 1420 3644 tto·
1511 3583 1512 3630 Ῐ

385 3665 487 3722 biscum
501 3667 638 3737 Dulterus,
652 3669 800 3744 probatque
814 3668 1028 3741 Oudendorpius.
