3076 5146
255 745 305 830 C.
338 742 634 832 SUETONII
664 729 1053 855 TRANQUILLI

634 971 675 1014 DE

132 1147 622 1268 triusianos
660 1131 1203 1274 autumnus

579 1383 734 1460 LIBER.
776 1369 782 1382 ’

512 1641 802 1672 *⁶-

130 1953 157 2014 l.
184 1904 425 2017 Gntnut‘ncn
440 1951 555 2015 Romae
567 1970 611 2014 ne
622 1947 657 2015 in
669 1971 735 2015 usu
744 1947 881 2042 quidem
893 1947 991 2032 olim,
1006 1952 1132 2020 nedum
1145 1956 1180 2021 in

127 2059 259 2127 honore
274 2059 344 2127 ullo
359 2076 445 2127 erat:
461 2059 537 2128 rudi
555 2060 681 2128 scilicet
696 2083 735 2127 ac
749 2059 908 2129 bellicosa
924 2065 1026 2131 etiam
1042 2080 1116 2133 tum
1134 2069 1180 2135 ci-

86 2186 89 2190 ’
130 2172 248 2252 vitate,
269 2169 416 2238 necdum
434 2194 556 2261 magno
577 2194 678 2263 opere
698 2167 894 2239 liberalibus
915 2171 1101 2265 disciplinis
1124 2201 1181 2243 vav

129 2299 238 2349 cante.
259 2285 396 2349 Initium
418 2306 553 2376 quoque
574 2279 647 2375 ejus
668 2280 836 2350 mediocre
853 2285 994 2351 exstitit:
1014 2286 1181 2381 siquidem

127 2395 355 2487 antiquissimi
374 2392 567 2476 doctorum,
590 2395 648 2490 qui
671 2391 773 2460 iidem
796 2410 829 2461 et
847 2412 955 2486 poetae
978 2413 1012 2463 et
1032 2413 1181 2466 oratores

129 2503 314 2593 semigraeci
331 2518 426 2568 erant
446 2503 598 2589 (Livium
612 2517 646 2568 et
658 2505 806 2569 Ennium
820 2503 913 2571 dico:
935 2529 1021 2599 quos
1037 2525 1180 2602 utraque

126 2614 243 2704 lingua
257 2610 347 2679 domi
361 2613 509 2708 forisque
522 2613 693 2696 docuisse,
710 2614 872 2683 adnotum
889 2617 1097 2705 est1),·nihil
1113 2643 1180 2687 am·

126 2724 215 2816 plius
229 2748 333 2818 quam
340 2727 457 2791 Graeca
469 2723 775 2816 interpretabantur
785 2749 793 2790 ε
804 2749 844 2792 ac
856 2730 883 2793 si
893 2726 975 2822 quid
985 2731 1103 2797 Latine
1115 2731 1178 2822 ipsi

55 2835 57 2840 ’
123 2834 412 2926 composuissent,
436 2832 675 2924 praelegebant.
698 2839 799 2915 Nam,
822 2834 915 2929 quod
936 2837 1088 2904 nonnulli
1113 2855 1180 2906 tra-

125 2941 226 3025 dunt,
242 2941 327 3010 duos
340 2941 443 3009 libros
457 2943 494 3008 de
510 2945 608 3010 litoris
622 2943 832 3037 syllabisque,
850 2948 930 3012 item
945 2947 982 3011 de
995 2952 1118 3030 metris,
1136 2949 1179 3016 ab

126 3050 247 3119 eodem
257 3054 365 3118 Ennio
373 3050 499 3134 editos,
507 3050 585 3145 jure
593 3055 704 3144 arguit
714 3056 838 3121 Lucius
847 3058 960 3136 Cotta,
971 3079 1041 3122 non
1049 3071 1177 3149 poetae,

127 3163 186 3230 sed
203 3165 397 3255 posterioris
414 3163 513 3229 Ennii
531 3187 623 3230 esse:
643 3160 740 3255 cujus
760 3165 861 3230 etiam
876 3165 913 3230 de
929 3169 1111 3256 accurandi
1128 3170 1179 3236 di-

126 3275 262 3368 seiplino
276 3269 447 3340 volumina
461 3273 627 3341 feruntur.

173 3391 218 3454 11.
239 3388 369 3452 Primus
382 3389 498 3478 igitur,
510 3403 678 3481 quantum
690 3390 886 3479 opinamur,
900 3389 1050 3456 studium
1062 3393 1178 3458 Gram-

128 3500 257 3565 rnaticae
279 3499 315 3562 in
339 3495 465 3564 Urbem
492 3497 605 3563 intulit
629 3502 752 3566 Gnarus
779 3504 973 3583 Mentores,
997 3500 1179 3568 Aristarchi

127 3608 281 3704 aequalis,
297 3610 355 3703 qui
369 3609 492 3674 missus
507 3605 550 3674 ad
567 3613 726 3678 Senatum
738 3610 781 3677 ab
793 3599 904 3677 Attulo
917 3634 1013 3702 rege,
1028 3614 1115 3678 inter
1126 3635 1178 3679 se-

126 3711 276 3787 cundum
298 3743 336 3786 ac
355 3720 493 3785 tertium
511 3717 639 3786 bellum
658 3722 841 3803 Punicum,
862 3719 925 3788 sub
949 3724 1057 3813 ipsam
1078 3724 1178 3788 Ennii

128 3847 286 3912 mortem,
299 3853 405 3926 quum
418 3833 552 3921 regione
565 3829 700 3914 Palatii,
715 3830 893 3924 prolapsus
906 3834 941 3901 in
955 3830 1076 3899 cloacae
1088 3831 1177 3898 fora-

128 3966 222 4024 men,
237 3965 315 4007 crus
327 3941 494 4031 fregisset,
508 3964 569 4032 per
584 3964 684 4007 omne
694 3940 871 4032 legationis
889 3940 989 4010 simul
1001 3957 1035 4008 et
1050 3941 1178 4010 valetu-

160 4168 179 4216 1.
195 4181 217 4217 r.
230 4164 364 4219 Adnotum
374 4176 418 4218 est.
430 4164 578 4216 Gronovius
588 4183 627 4216 re·
673 4163 809 4220 dationem
830 4161 980 4235 probarunt
999 4159 1175 4236 Oudendorp,

127 4246 201 4319 ponit
214 4243 370 4297 adnotatum
382 4254 433 4308 eet,
449 4262 529 4314 quam
539 4260 627 4297 emen·
674 4258 699 4298 et
712 4244 836 4299 wolfius.
