3048 5142
543 531 681 597 NERO.
1069 557 1133 625 207

94 653 306 748 conjunctum
319 659 355 727 in
365 655 487 750 quibus
499 655 624 724 Aulum
635 654 832 727 Plautium¹¹
843 631 1021 750 juvenem:
1033 683 1138 755 quem

94 793 192 865 quum
206 767 446 840 ante'mortem
461 794 523 864 per
536 773 606 838 vim
617 787 886 862 conspurcasset,
912 776 998 840 «Eat
1008 786 1132 858 nuncu

93 882 213 974 inquit,
231 911 245 940 a
256 895 366 948 mater
379 905 471 962 mea,
492 896 524 949 et
541 905 771 950 successorem
784 906 901 950 meum
916 883 1132 966 osculetur32

89 992 226 1083 jactans,
257 989 418 1059 dilectum
435 990 478 1058 ab
494 1016 547 1075 ea,
565 1007 599 1058 et
616 990 659 1058 ad
679 1017 777 1086 spem
791 994 923 1086 imperii
939 993 1134 1087 impulsum.

92 1105 281 1196 Privignum
304 1101 443 1172 uatium
459 1105 698 1196 Crispinum¹²,
719 1109 866 1198 Poppaea
881 1121 1016 1188 nanim,
1028 1107 1135 1199 impu·
1154 1113 1157 1122 '

92 1215 200 1285 berem
213 1215 344 1300 adhuc,
362 1219 442 1312 quia
456 1215 627 1284 ferebatur
641 1215 785 1285 ducatus
799 1232 833 1284 et
847 1219 988 1309 imperia
1002 1216 1134 1301 ludere,

93 1324 309 1420 mergendum
322 1330 425 1411 mari,
440 1326 521 1396 dum
535 1330 737 1420 piscaretur,
753 1331 858 1395 servis
875 1329 981 1420 ipsius
997 1326 1136 1395 deman·

92 1437 183 1506 davit.
205 1435 404 1520 Tuscum¹³,
416 1439 555 1506 nutricis
570 1437 693 1520 filium,
706 1427 878 1528 relegavit,
900 1435 992 1532 quod
1005 1439 1041 1505 in
1054 1458 1134 1530 pro-

93 1554 259 1620 curatione
275 1553 427 1644 AEgypti,
441 1550 583 1618 balineis
595 1553 630 1617 in
644 1549 829 1618 adventum
844 1574 945 1617 suum
959 1552 1135 1618 exstructis

94 1663 230 1732 lavisset.
260 1667 422 1733 Senecam
436 1661 462 1714 ¹4
483 1677 726 1756 praeceptorem
745 1661 789 1729 ad
808 1686 928 1729 necem
950 1661 1133 1755 compulit;
1156 1670 1159 1679 ⁴

93 1776 238 1870 quamvis
262 1798 353 1867 saepe
374 1790 599 1842 commeatum
621 1777 767 1866 petenti,
793 1773 960 1868 bonisque
984 1771 1134 1856 cedenti,

92 1901 261 1977 persancte
269 1880 429 1976 jurasset,
448 1915 461 1944 c
470 1900 667 1977 suspectum
679 1908 714 1951 se
727 1884 868 1968 frustra,
881 1885 1135 1977 periturumque

93 2000 211 2088 ponus,
225 2020 331 2092 quam
339 1999 532 2064 nociturum
543 2000 583 2066 ei.
599 2029 612 2058 a
627 1999 764 2065 Burro¹⁵
778 1997 939 2064 Praefecto
947 1994 1134 2063 remedium

94 2182 232 2254 recipitque
245 2183 329 2250 Item,
344 2184 388 2236 cui
401 2183 481 2251 illud,
495 2196 526 2236 nt
539 2182 591 2236 ‹tit-
674 2200 714 2235 η.
733 2181 838 2256 Naeſsum
852 2181 1006 2253 Crispinum.
1020 2178 1088 2233 Vide
1103 2180 1137 2233 de

95 2260 193 2328 icilius,
208 2262 397 2324 substitutum,
413 2279 507 2333 parum
521 2263 591 2314 reri-
634 2258 804 2313 bocnom‘uae
813 2261 885 2312 varie
895 2273 1024 2331 corrupto
1034 2261 1135 2312 Ernest.

96 2339 185 2402 similer
199 2339 242 2393 vel
259 2338 355 2392 suadet
370 2353 515 2411 utrumque
528 2343 591 2410 jun·
635 2341 670 2394 ad
680 2343 765 2394 Tacit.
778 2338 876 2393 Annal.
890 2342 951 2406 Xll,
966 2339 1015 2407 da,
1027 2352 1053 2392 et
1063 2340 1137 2408 Xlll,

96 2420 150 2468 etim
162 2417 218 2484 edi,
232 2417 364 2471 Similiter
375 2417 454 2489 item,¹‚
470 2415 542 2488 quod
554 2418 591 2469 fe·
636 2420 684 2488 45,
698 2420 745 2471 ubi
760 2418 793 2472 de
807 2434 883 2492 patre
895 2419 975 2489 hujus
988 2432 1026 2472 est
1040 2437 1135 2471 senno.

96 2498 128 2548 cit
135 2498 291 2564 Burmann,
305 2516 336 2549 ex
346 2515 406 2549 meo
417 2515 498 2548 sensu
508 2496 591 2548 duris·
635 2501 794 2552 —Ducatus
801 2513 826 2552 et
832 2499 942 2571 imperia
950 2498 1038 2550 ludere
1042 2519 1052 2559 ,·
1060 2497 1136 2554 ducit

98 2579 162 2628 date.
169 2578 286 2630 Gronov.
298 2575 367 2628 filias
377 2577 493 2646 graviori
504 2589 590 2628 muta·
635 2592 662 2631 et
673 2581 839 2650 imperatoris
848 2581 955 2630 nomine
966 2579 1035 2629 inter
1043 2575 1137 2630 luden-

96 2655 176 2722 tione,
188 2653 299 2708 «Simili
306 2655 422 2726 pernicie
433 2668 543 2707 ceteros.
555 2677 567 2702 ι
635 2657 699 2710 dum
711 2677 726 2710 a
740 2649 830 2728 pueris
843 2656 979 2730 appellari.

131 2751 168 2785 tt.
185 2735 322 2808 Inquibus
332 2734 432 2786 Aulum
441 2732 588 2786 Plautium.
674 2738 714 2790 13.
724 2739 851 2799 Tuscum5
860 2737 1137 2802 Caecinam,eni,anto·

99 2814 589 2887 blaximapngnaestinterintetpretes
634 2831 663 2870 to
674 2818 771 2883 Burro,
785 2819 968 2888 pretoriamm
985 2815 1137 2867 cohortium

98 2895 174 2946 Taciti
186 2906 213 2946 et
224 2895 360 2962 Suetonii,
374 2894 479 2947 idemne
495 2894 539 2947 bie
556 2897 590 2948 sit
634 2914 724 2947 euram
732 2895 878 2948 destinasse
889 2893 1057 2946 credebatur.
1068 2889 1137 2943 Vide

99 2970 220 3024 Rubellius
229 2972 358 3040 Plautus,
371 2975 448 3044 cujus
462 2975 587 3044 conjugio
633 2976 718 3027 Tacit.
728 2974 824 3028 Annal.
835 2975 910 3036 Xlll,
924 2992 971 3040 20,
983 2986 1007 3024 et
1018 2971 1136 3041 ibiLips.
1158 3001 1159 3004 =
1225 2957 1232 2978 ⁴

99 3051 225 3121 inperium
235 3052 364 3104 affectare
371 3052 518 3123 Agrippina
525 3053 589 3104 fere·
633 3055 674 3106 cf.
686 3055 758 3106 dere
769 3052 869 3124 xiphtt.
880 3054 972 3118 LXlll,
988 3051 1027 3103 18.
1039 3049 1137 3120 Super-

99 3125 180 3196 batnr,
191 3143 283 3201 postea
298 3131 327 3182 in
339 3131 402 3182 Asia
408 3132 486 3200 jussu
501 3133 588 3183 Nero·
632 3135 714 3186 fuisse
728 3153 788 3186 enm
800 3134 919 3198 Neroni,
932 3151 963 3183 ex
972 3131 1058 3182 Tacit.
1069 3127 1136 3180 Hist.

99 3209 309 3274 nisinterfectns,
319 3208 352 3260 de
365 3227 419 3281 qno
431 3209 493 3261 uide
502 3209 586 3262 Tacit.
611 3259 613 3264 ,
633 3215 680 3280 lll,
694 3213 742 3279 38,
757 3214 860 3264 monuit
869 3215 922 3283 jam
936 3213 1006 3281 Lips.
1021 3208 1039 3261 l.
1052 3227 1076 3260 c.

98 3287 268 3356 Annallssll,
283 3307 325 3359 19,
340 3302 367 3344 et
380 3291 450 3357 XIV,
466 3308 497 3342 nn
516 3303 542 3341 et
553 3289 588 3343 58
672 3291 712 3359 ¹4·
731 3293 872 3355 Senecam,
893 3303 944 3342 ete.
964 3291 1136 3354 Orationem,

100 3384 156 3441 aeq,
165 3387 198 3421 an
207 3369 336 3424 diversus.
350 3372 397 3423 His
408 3371 588 3426 accedendum
633 3391 685 3444 qua
692 3372 763 3424 bona
772 3389 819 3423 sua
826 3371 929 3424 Neroni
936 3370 1016 3422 offert
1022 3369 1136 3434 Seneca,

100 3450 218 3517 tustino,
238 3453 304 3517 nisi,
326 3469 384 3522 qum
404 3451 527 3506 Oudend.
549 3464 589 3504 est
632 3450 714 3504 babet
727 3453 812 3502 Tacit.
827 3449 923 3502 Anual.
939 3451 1009 3514 XIV,
1024 3448 1067 3501 53.
1082 3447 1137 3499 lbi-

101 3529 589 3603 tententia,Suetoniuautrnmqnecon-
633 3529 710 3598 dem,
724 3547 890 3582 secessurum
902 3546 930 3580 se
942 3530 970 3580 in
981 3527 1075 3580 hortos
1090 3538 1138 3578 aut

101 3608 166 3661 fudit.
176 3613 313 3665 lleinesins
327 3631 389 3665 cnm
404 3613 461 3665 aliis
471 3611 540 3665 illius
554 3615 586 3665 A.
632 3610 720 3672 villas,
736 3611 883 3680 promittit;
897 3607 964 3677 (hoc
979 3620 1019 3660 est
1030 3607 1137 3672 Nostri,

103 3685 197 3756 l’lantii,
207 3693 252 3762 qui
265 3691 316 3744 snb
325 3681 442 3745 Claudio
448 3693 588 3744 Britannos
633 3700 807 3742 commeatum
819 3689 936 3761 petenti,
958 3689 1080 3759 bonisque
1096 3706 1138 3740 ce·

103 3764 182 3822 devicit
194 3771 269 3842 (ride
285 3769 380 3824 Claud.
395 3788 424 3842 17
440 3784 467 3824 et
480 3771 543 3841 24),
555 3772 588 3822 fi-
634 3771 727 3822 denti:
747 3770 820 3821 conf.
841 3771 918 3821 etiam
936 3769 1087 3820 Reimarum
1104 3766 1138 3819 ad

104 3843 155 3898 liun
165 3848 190 3900 b.
203 3849 221 3901 l.
231 3849 365 3922 intelligit.
376 3851 589 3916 Ceterum,cnn-
634 3848 764 3920 Xipbilin.
782 3849 870 3914 LXll,
889 3846 947 3918 25).
962 3845 1096 3912 Tandem,
1110 3847 1138 3896 in

104 3921 159 3977 laras
170 3927 240 3998 lips.
261 3928 297 3980 ad
310 3927 396 3979 Taciti
411 3926 485 3980 locos
502 3930 548 3980 cit.
565 3940 591 3980 et
635 3931 739 3982 Pisonis
751 3929 937 4000 conjuratione
949 3940 975 3980 et
987 3929 1042 3997 ipse
1054 3927 1139 3978 nomi-

105 4001 202 4058 lleimer.
220 4006 255 4059 ad
269 4004 371 4078 Xipbil.
389 4007 451 4074 Xll,
471 4007 511 4074 14.
528 4010 592 4073 Mon
638 4020 730 4073 natus,
741 4009 810 4060 mori
817 4011 907 4077 jussus
917 4018 964 4058 est.
975 4007 1043 4076 Lege
1053 4004 1137 4056 Tacit.

105 4099 153 4136 cnm
161 4086 261 4158 Erneat
273 4101 300 4139 et
309 4085 432 4140 Oudend.
442 4106 474 4140 ex
484 4088 590 4159 optimis
636 4087 731 4139 Annal.
747 4089 808 4154 XV,
821 4085 871 4150 60;
882 4084 981 4157 Xipbil.
993 4084 1010 4136 l.
1024 4102 1047 4135 c.
1060 4084 1138 4135 Periit

17 4233 18 4236 Ἴ
105 4159 167 4216 libris
180 4165 311 4219 edidimus
322 4155 527 4238 conspureasret,
540 4187 590 4240 pro
637 4184 699 4219 ann.
716 4169 776 4236 819.

17 4253 18 4290 3
105 4255 282 4317 wmprnsret.
676 4246 716 4300 15.
733 4249 815 4299 Burro
822 4261 890 4311 ,etc
898 4245 1059 4298 Tariudnn.
1067 4245 1137 4312 XIV,
