3066 5148
270 603 274 612 ¹
389 525 432 607 rs
763 524 799 588 c.
826 522 1060 590 suarouu

435 649 600 716 XXXVII.
626 649 829 739 Nepotatus¹
855 644 1022 715 sumtibus
1044 649 1196 715 omnium
1217 645 1438 740 prodigorum

388 762 523 852 ingenia
536 760 726 850 superavit,
741 774 953 826 commentus
967 782 1095 826 novum
1109 756 1308 827 balnearum
1320 783 1438 843 nsum,

388 870 677 966 portentosissima
690 892 813 961 genera
825 867 979 936 ciborum
993 885 1096 964 atque
1109 893 1298 936 coenarum:
1315 885 1356 936 ut
1366 868 1441 935 eali·

389 980 441 1050 dis
459 979 656 1073 frigidisque
674 981 856 1069 unguentis
875 977 1057 1060 lavaretur,
1078 982 1337 1072 pretiosissimas
1356 1004 1440 1048 mar·

389 1093 512 1184 garitae
523 1104 619 1156 aceto
630 1087 826 1182 liquefactas
840 1086 1008 1172 sorberet,
1023 1092 1172 1158 convivis
1185 1115 1226 1158 ex
1237 1114 1323 1184 auro
1335 1113 1438 1183 panes

389 1223 424 1269 et
444 1200 586 1293 opsonia
605 1213 808 1290 apponeret,
834 1229 848 1258 α
861 1214 921 1265 aut
942 1199 1031 1291 frugi
1052 1197 1225 1268 hominem
1245 1223 1320 1268 esse
1341 1225 1439 1293 opor·

388 1328 476 1394 tere,
489 1309 663 1392 dictitans,
676 1323 736 1376 aut
748 1312 927 1376 Caesarem.
940 1341 955 1374 o
970 1313 1060 1397 Quin
1075 1325 1109 1380 et
1121 1335 1280 1379 nummos
1294 1335 1367 1379 non
1376 1335 1440 1381 nte·

389 1420 512 1490 diocris
532 1442 673 1486 summae
688 1442 706 1484 e
720 1417 852 1510 fastigio
868 1417 1014 1487 basilicae
1031 1418 1129 1488 Juliae
1147 1445 1208 1513 per
1226 1420 1358 1516 aliquot
1370 1420 1439 1489 dies

390 1533 514 1627 sparsit
535 1532 571 1597 in
591 1527 758 1622 plebem2.
781 1528 970 1598 Fabricavit
989 1547 1023 1598 et
1043 1529 1200 1600 deceres³
1223 1523 1438 1614 Liburnicas,

390 1644 565 1738 gemmatis
586 1638 777 1734 puppibus,
798 1640 1057 1710 versicoloribus
1077 1630 1178 1727 ¹velis,
1202 1668 1327 1736 magna
1350 1644 1438 1712 ther·

390 1779 524 1824 marum
538 1769 572 1820 et
586 1756 780 1846 porticuum
796 1768 831 1819 et
843 1753 1066 1822 tricliniorum
1082 1754 1236 1839 laxitate,
1251 1779 1440 1851 magnaque

390 1870 492 1935 etiam
503 1867 622 1933 vitium
640 1879 674 1932 et
689 1865 934 1957 pomiferarum
949 1866 1110 1935 arborum
1125 1871 1304 1936 varietate:
1319 1867 1439 1964 quibus

390 1975 605 2046 discumbens
624 1974 667 2043 de
686 1974 763 2043 diet
780 1978 869 2043 inter
887 1975 1009 2045 choros
1028 2004 1067 2047 ac
1086 1978 1327 2073 symphonias,
1344 1980 1439 2048 litora

389 2092 581 2183 Campaniae
604 2104 810 2182 peragraret.
836 2094 874 2156 In
899 2091 1181 2159 exstructionibus
1204 2095 1438 2185 praetoriorum

389 2218 490 2296 atque
501 2198 700 2283 villarum5,
716 2201 809 2266 omni
823 2201 952 2267 ratione
966 2200 1175 2293 posthabita,
1189 2201 1274 2270 nihil
1286 2218 1358 2270 tam
1370 2199 1438 2268 effi-

389 2336 465 2380 cere
483 2309 760 2402 concupiscebat,
783 2334 887 2406 quam
908 2309 1001 2406 quod
1019 2335 1119 2406 posse
1137 2311 1225 2381 effici
1244 2327 1434 2406 negaretur.

387 2555 424 2606 tia
436 2553 529 2606 referri
540 2550 671 2604 solebant.
682 2550 749 2605 Vide
758 2552 828 2625 Lips.
838 2554 891 2607 Ex·
934 2557 1032 2607 Donat.
1044 2553 1077 2607 de
1089 2552 1161 2608 Urbe
1172 2554 1271 2622 Roma,
1282 2555 1325 2623 11,
1339 2572 1383 2626 17,
1393 2555 1436 2626 qni

387 2652 457 2686 curs.
472 2631 507 2686 ad
520 2632 603 2684 Tacit.
617 2631 760 2700 Annalv,
776 2634 802 2701 4.
817 2633 889 2686 Cali·
934 2635 998 2687 eolli
1014 2635 1134 2688 Palatino
1148 2636 1262 2688 vicinam
1280 2654 1340 2689 eam
1359 2637 1437 2688 luisse

387 2711 450 2788 gule
464 2725 551 2764 autem
566 2712 618 2781 ita,
633 2730 730 2782 nempe
743 2714 887 2767 absentium
934 2716 1074 2767 existimat.

386 2789 687 2844 maritorumrtomt'nese
697 2791 832 2862 repudium
841 2791 889 2843 mi·
968 2795 994 2847 3.
1013 2794 1136 2855 Deceres5
1150 2789 1259 2863 deriput.
1278 2793 1357 2846 Hanc
1372 2791 1436 2842 Tur-

384 2875 455 2939 sitse,
468 2874 495 2924 in
505 2883 565 2924 scta
574 2870 666 2923 referri
671 2872 766 2941 jussit,
776 2886 807 2924 ut
817 2885 888 2925 recte
932 2873 996 2926 nebi
1007 2872 1131 2943 (Advers.
1138 2872 1226 2940 XXII,
1235 2872 1286 2944 3ο)
1293 2873 1434 2924 correctio·

385 2954 487 3006 monuit
499 2949 674 3022 Oudendorp.
692 2950 726 3002 nd
738 2950 766 3002 h.
782 2950 800 3003 l.
814 2953 888 3004 resti-
933 2972 1010 3020 nem,
1024 2955 1135 3025 petitam
1147 2973 1161 3006 e
1173 2957 1280 3007 Memm.
1294 2955 1341 3026 qni
1351 2953 1396 3005 dat
1406 2953 1435 3005 de

384 3035 437 3086 tuti
451 3034 488 3084 ita
503 3044 605 3084 auctor.
932 3032 1007 3096 ceris,
1018 3051 1141 3102 recepere
1150 3052 1200 3105 pro
1208 3033 1240 3085 de
1248 3033 1433 3086 cedrisb‘snest.

416 3111 886 3181 xxxvt1.r.Nepourus.11aeMss.
933 3123 959 3161 et
971 3109 1147 3182 Oudendorp.

386 3191 524 3245 ediderunt
534 3191 590 3259 jem
604 3187 727 3242 Oudend.
743 3201 770 3240 et
783 3190 886 3242 Ernest.
968 3188 994 3255 4.
1008 3191 1104 3260 Quibus
1113 3191 1271 3244 dueumbeus
1279 3191 1312 3243 de
1320 3189 1376 3252 die3
1385 3206 1434 3241 tne-

384 3289 435 3343 pro
452 3267 599 3342 Nepotim'r.
615 3267 655 3320 Ile
671 3285 700 3319 re
716 3267 809 3320 Senec.
822 3267 890 3320 Con·
934 3267 980 3322 dio
988 3270 1112 3338 die,ante
1117 3273 1218 3342 justum
1227 3289 1310 3324 eoenae
1318 3284 1433 3342 tempus,

385 3349 477 3402 solad
486 3346 631 3417 Helv.c.9:
645 3348 889 3419 «C.Caesar,qnem
932 3367 1031 3402 nonam
1053 3349 1154 3402 scilicet
1170 3348 1212 3403 vel
1233 3350 1365 3403 decimam
1384 3349 1433 3400 diei

385 3430 449 3482 mihi
463 3429 566 3482 videtur
578 3446 666 3479 rerum
681 3441 775 3480 natura
791 3429 889 3482 edidis-
933 3428 1034 3482 horam.
1048 3431 1087 3482 De
1095 3431 1226 3502 ejusmodi
1236 3434 1365 3485 conviviis
1374 3443 1433 3484 terrr-

310 3542 314 3555 =
385 3527 428 3573 se,
439 3521 469 3560 ut
482 3505 647 3572 ostenderet,
659 3506 725 3577 quid
736 3525 839 3560 summa
851 3509 889 3559 vi·
931 3511 1034 3579 pestivr's
1044 3510 1104 3563 vide
1115 3512 1184 3563 infra
1198 3510 1232 3562 ad
1242 3529 1301 3581 cap.
1315 3509 1359 3577 45.

384 3589 422 3640 tia
431 3589 569 3641 insumma
580 3585 685 3638 fortuna
695 3599 820 3658 possent,
829 3605 889 3638 cen·
970 3589 995 3640 5.
1012 3589 1196 3642 Pretoriomm
1206 3602 1286 3663 atque
1300 3588 1431 3642 villarum.

385 3669 434 3722 ties
450 3667 575 3720 Sestertio
591 3667 705 3718 coenavit
720 3684 774 3719 uno
788 3665 846 3728 die3
862 3679 888 3719 et
932 3666 982 3719 Vel
995 3667 1136 3738 splendore
1149 3683 1229 3740 atque
1240 3668 1433 3740 magnificentia

385 3747 411 3798 in
431 3743 483 3797 hoc
503 3747 622 3796 omnium
640 3745 745 3814 adjutus
761 3747 887 3816 ingenio,
930 3747 1053 3817 pretoria
1065 3747 1193 3801 differunt
1205 3748 1232 3801 lt.
1243 3749 1260 3801 l.
1272 3769 1287 3802 a
1298 3747 1381 3814 villu,
1393 3743 1431 3797 vel

384 3828 427 3878 vix
437 3839 525 3877 tamen
535 3825 649 3888 invenit,
660 3823 797 3894 quomodo
808 3828 887 3878 trium
930 3827 1167 3898 pnetoriaoedilicia
1177 3845 1239 3882 sunt
1248 3833 1299 3902 ipsi
1307 3829 1431 3900 Principis

384 3906 582 3978 provinciarum
600 3902 728 3956 tributum
743 3923 796 3957 una
811 3924 887 3958 coena
932 3904 1090 3958 habitationi
1101 3908 1245 3974 destinata,
1258 3909 1330 3963 villoe
1340 3911 1378 3961 rei
1390 3925 1431 3958 rn-

384 3984 486 4038 tieret.»
932 3987 1338 4042 sticeinservientis.Urbanum
1350 3984 1432 4040 invil-

416 4082 445 4115 n.
467 4062 538 4133 Quin
551 4074 577 4114 et
588 4079 746 4114 nummos...
758 4063 887 4135 sparsitr'n
932 4064 964 4115 lis
981 4063 1119 4118 aedificium
1138 4069 1324 4138 interpretatur
1342 4079 1429 4120 nostro

382 4141 495 4214 plebem.
514 4141 592 4192 Conf.
607 4141 673 4203 Dio,
688 4138 762 4206 LIX,
776 4141 825 4200 25;
841 4143 888 4193 Jo-
931 4142 991 4194 loco
997 4146 1150 4216 pretorium
1158 4146 1364 4199 etiamlleineoc.
1372 4145 1430 4195 Ant.

384 4221 459 4294 eepb.
468 4221 543 4287 XIX,
554 4218 817 4274 rnetmtttcalulia
827 4219 887 4273 vide
932 4223 1008 4275 Rom.
1021 4226 1060 4291 II,
1074 4226 1114 4278 tit.
1127 4224 1158 4290 3,
1171 4225 1186 4292 S
1199 4241 1221 4276 ι.
