3048 5142
514 541 655 608 NERO.
1043 567 1104 610 22¹

78 664 267 746 affirmavit,
295 664 397 732 simul
426 689 467 734 ae
492 663 665 759 primuml
692 668 899 758 provinciam
923 670 1108 760 attigisset,

78 778 229 842 inermem
244 797 281 843 se
297 777 332 842 in
349 791 567 868 conspectum
579 777 789 844 exercituum
801 777 1030 869 prodinuum,
1041 804 1109 848 ,nec

79 887 249 979 quicquam
271 884 365 952 aliud
383 910 486 980 quam
501 885 679 970 fleturum3
698 891 929 982 revocatisque
947 888 991 956 ad
1005 893 1110 982 poeni·

78 999 203 1064 tentiam
215 997 454 1082 defectoribus,
466 1001 619 1093 sequenti
631 996 685 1065 die
699 997 815 1070 laetum
825 1001 914 1066 inter
925 999 1019 1067 laetos
1033 1025 1109 1068 can·

78 1121 215 1173 uturum
228 1109 387 1199 epinicia,
405 1131 481 1201 quae
489 1105 561 1200 jam
575 1131 668 1175 nunc
683 1105 745 1175 sibi
758 1111 913 1201 componi
928 1126 1107 1203 oporteret.

116 1219 228 1284 XLIV.
256 1223 295 1284 In
309 1217 531 1310 praeparanda
544 1217 754 1310 expeditione
765 1220 909 1310 primam
924 1219 1109 1288 curam'ba·

79 1323 141 1391 buit
150 1324 320 1417 deligendi
330 1325 483 1394 vehicula
492 1325 665 1419 portandis
679 1329 817 1395 scenicis
830 1331 979 1420 organis,
992 1354 1110 1398 concu-

79 1435 251 1530 binasque,
264 1459 349 1531 quas
362 1460 477 1505 secum
489 1435 662 1520 educeret,
675 1436 835 1506 tondendi
847 1438 890 1505 ad
902 1439 1032 1508 virilem
1043 1465 1111 1510 mo·

79 1542 164 1629 dum,
179 1563 214 1613 et
228 1545 404 1614 securibus
415 1545 581 1641 peltisque
595 1550 802 1624 Amazonicis
816 1549 1015 1618 instruendi.
1029 1555 1110 1620 Mox

79 1654 174 1723 tribus
185 1653 352 1723 urbanas¹
369 1655 413 1722 ad
426 1673 674 1724 sacramentum
688 1659 815 1741 citavit,
829 1681 869 1726 ac
881 1658 976 1756 nullo
987 1659 1109 1728 idoneo

79 1747 305 1857 respondente,
315 1764 778 1834 eertumdominisservorum
786 1763 967 1838 numerum
974 1769 1093 1837 indixit
1098 1797 1108 1860 3

79 1899 148 1959 nec,
164 1879 227 1944 nisi
243 1901 286 1944 ex
302 1892 372 1944 tota
388 1875 553 1972 cujusque
572 1877 697 1945 familia
713 1878 984 1972 probatissimoS,
1000 1905 1043 1948 ne
1060 1864 1110 1948 diss

80 1987 341 2078 spensatoribus²
354 1986 491 2082 quidem
501 2004 562 2054 aut
572 1988 832 2056 amanuensibus
844 1993 1008 2082 exceptis,
1020 2015 1111 2058 rece-

80 2101 131 2189 pit.
145 2103 277 2166 Partem
289 2102 391 2167 etiam
406 2123 527 2168 census
546 2123 663 2167 omnes
678 2099 812 2168 ordines
826 2100 977 2181 conferre
990 2099 1107 2194 jussit:

81 2225 110 2276 et
126 2212 262 2304 insuper
280 2210 462 2306 inquilinos
486 2215 692 2305 privatarum
715 2210 851 2280 aedium‘
864 2229 965 2309 atque
987 2214 1110 2284 insula-

81 2321 149 2388 rum
160 2324 359 2414 pensionem
374 2347 523 2391 annuam
538 2339 779 2417 repraesentare
795 2321 916 2392 lisco³:
935 2326 1112 2420 exegitque

111 2571 134 2638 4.
150 2569 235 2624 Simul
243 2591 276 2624 ac
286 2572 413 2644 primum.
424 2571 491 2624 Vide
505 2575 569 2626 Bur·
613 2573 665 2624 tius
680 2571 752 2625 idem
767 2571 870 2645 judicat
889 2573 923 2625 ad
941 2573 1024 2626 Tacit.
1043 2575 1110 2626 Hist.

82 2667 160 2702 mann.
170 2665 195 2702 et
203 2651 378 2722 Oudendorp.
391 2649 497 2704 αὖθις.
509 2671 568 2724 cap.
612 2653 662 2718 111,
678 2649 719 2704 58.

64 2718 125 2791 '30;
142 2727 273 2782 Drakenb.
294 2727 329 2780 ad
343 2730 459 2796 livium,
475 2730 526 2796 vl,
546 2747 568 2782 r.
650 2746 673 2780 a.
693 2729 923 2801 Dispensatoribus.
934 2729 1001 2783 Vide
1010 2729 1044 2782 ad
1054 2733 1112 2784 du·

82 2807 277 2878 Vanaiqiturest
283 2811 435 2878 conjectura
443 2810 570 2862 Bne-man·
612 2817 681 2877 μαι.
694 2826 717 2860 e.
731 2807 775 2878 67.

83 2888 243 2958 ni,primam.
569 2933 571 2936 .
649 2886 675 2938 3.
693 2886 1114 2963 Etinmperinquilinos...reproe·

112 2966 568 3032 deV.r.Moxtribusurbanas,etc.
612 2975 712 3016 tenure
721 2961 803 3035 firco,·
822 2963 849 3016 ln.
868 2983 892 3018 e.
912 2983 974 3030 eos,
994 2971 1039 3037 qui
1058 2987 1112 3020 non

84 3043 163 3098 retu
178 3063 210 3096 ex
229 3062 302 3096 more
318 3043 397 3114 bajus
417 3045 499 3096 atatis
519 3061 569 3113 pro
612 3044 734 3112 proprias
745 3041 812 3094 oder
825 3041 952 3095 baberent
965 3043 1001 3095 ob
1016 3064 1112 3098 census

82 3120 148 3194 plebe
159 3123 210 3176 dici
223 3122 359 3187 videntur,
372 3125 451 3176 tribus
464 3123 570 3176 urbane
613 3121 796 3191 exiguitatem,
808 3122 959 3190 pensionem
974 3123 1027 3174 sive
1040 3123 1115 3174 tabi-

83 3205 220 3273 igimrsunt
227 3203 301 3276 plebs
312 3207 427 3270 ortana,
440 3223 518 3276 quam
529 3223 571 3256 so·
615 3197 739 3251 tationem
754 3217 891 3262 annuam,
909 3197 977 3250 Gall.
997 3199 1022 3251 le
1041 3200 1115 3270 loyen·

83 3280 130 3334 lunt
143 3286 217 3336 citare
230 3283 264 3336 ad
277 3297 470 3336 sacramenttun
482 3281 570 3335 adbuc
613 3275 689 3347 (vide
709 3273 743 3328 ad
760 3278 825 3329 Ωιι.
843 3275 909 3348 38),
927 3295 982 3329 non
1000 3278 1114 3332 dominis

84 3362 571 3436 potemfflnumhonestiorissonisci.
614 3355 728 3418 edium,
751 3355 798 3407 sed
825 3356 888 3408 fiseo
908 3355 1009 3410 solvere
1027 3361 1112 3428 jussit.

83 3459 122 3494 res
130 3442 166 3494 rel
177 3442 290 3514 amplexi
298 3444 354 3512 jam
366 3453 452 3494 essent
463 3439 570 3492 seditio·
615 3435 728 3486 Privatoe
734 3433 1114 3508 oetletsuntaetlesprivatorum,

83 3518 570 3590 m‚,210r2defenmr,sed01pleb0
615 3512 743 3584 oppositae
755 3510 879 3582 publicis,
888 3531 978 3584 eaeque
987 3516 1115 3584 majores,

84 3601 166 3667 etiarn,
182 3600 217 3653 ob
235 3598 307 3651 dona
323 3610 401 3669 atque
417 3596 573 3668 spectacula
614 3589 662 3642 ubl
679 3589 878 3660 distinguuntur
899 3591 933 3644 ab
953 3592 1053 3646 insulis.
1072 3594 1114 3646 cf.

84 3691 188 3730 nomm
198 3681 276 3732 unice
289 3675 409 3740 addicta,
421 3673 572 3728 nullust'do-
615 3682 672 3720 nol.
692 3667 726 3720 ad
743 3669 805 3721 (ἷξε.
825 3669 868 3736 dl.
886 3669 1017 3742 [nqullt'nt'
1034 3674 1115 3742 igilur

85 3775 141 3810 teus
157 3758 298 3830 respondit,
318 3757 374 3808 sine
395 3753 477 3807 dubio
498 3752 572 3825 quod
612 3749 1115 3824 privatarumoediumatqueinsulamm

85 3850 274 3901 convenerant,
288 3836 334 3907 qui
346 3851 418 3885 arma
429 3835 498 3886 ferre
508 3851 571 3905 pos·
616 3845 691 3898 sunt,
706 3831 761 3884 «les
780 3830 919 3884 locataires
936 3831 983 3886 des
1001 3833 1115 3905 grandes

85 3927 182 3981 tent,et
190 3917 262 3968 citati
273 3933 301 3968 se
315 3911 502 3966 subduxerant.
516 3913 572 3965 Ott-
616 3913 732 3965 mamona
752 3925 779 3964 et
797 3911 844 3965 des
863 3912 1025 3967 habitatione
1044 3915 1115 3967 ordi·

85 3991 203 4066 dendorp.
218 3995 329 4048 manas
337 3994 433 4045 mutari
443 3991 570 4046 suadetin
616 3992 732 4044 neiras.»
751 3993 788 4043 lta
804 3991 947 4064 dupliciter
965 3993 1057 4045 afflixit
1075 3993 1115 4044 di·

85 4075 223 4134 universate
246 4075 380 4126 Ernestiut
403 4073 482 4124 etiam
505 4089 571 4143 spu·
615 4071 1114 4142 tiorcsNero,quodcensumconferre

85 4153 148 4202 rium
159 4165 245 4207 censet
257 4151 432 4218 vocabulum,
446 4148 519 4223 quod
533 4163 573 4204 est
617 4150 718 4220 coegit,
728 4160 754 4200 at
764 4167 855 4202 annua
861 4149 1038 4216 habitatione,
1050 4150 1113 4220 ipsis

85 4249 144 4284 ente
151 4251 256 4304 prorsus
263 4233 358 4286 vulnus
368 4230 494 4284 recidere.
504 4230 572 4282 Cau·
618 4226 723 4294 tlebita,
736 4229 856 4299 privarit.
