3066 5148
501 561 761 626 CALIGULA,
1121 569 1158 635 15
1204 655 1208 664 ‚

1 714 2 790 ᾗ
107 699 243 765 Enniam
258 697 433 776 Naeviam,
452 692 624 759 Macronis
639 701 816 773 uxorem7,
831 695 978 785 quitum
993 700 1163 787 praetoria.

1 803 2 820 *
107 811 156 877 nis
174 803 373 874 cohortibus
393 815 554 896 praeerat,
570 800 765 869 sollicitavit
782 799 825 867 ad
844 817 1019 895 stuprum,
1033 803 1162 898 pollici.

108 939 158 989 tus
171 934 205 986 et
214 917 473 984 matrimonium
485 937 605 998 suum,
620 915 649 980 si
662 914 789 1005 potitus
801 915 943 1006 imperio
954 915 1088 985 fuisset:
1105 917 1162 985 de-

107 1055 170 1126 que
184 1053 222 1097 ea
235 1051 275 1095 re
289 1039 325 1095 et
338 1022 579 1121 jurejurando,
595 1040 630 1092 ct
645 1023 870 1117 chirographo
886 1029 983 1094 cavit.
998 1033 1061 1094 Per
1074 1029 1163 1098 hanc

107 1144 295 1210 insinuatus
310 1139 480 1219 Macroni,
493 1155 627 1204 veneno
639 1134 814 1202 Tiberium
827 1159 1006 1228 aggressus
1023 1137 1107 1225 θεῖε,
1124 1155 1164 1208 ut

108 1249 245 1348 quidam
266 1251 470 1341 opinantur:
493 1247 703 1340 spirantique
723 1243 835 1313 adhuc
853 1244 985 1315 detrahi
1002 1250 1162 1354 anulum,

108 1383 156 1446 et,
169 1365 337 1458 quoniam
349 1360 576 1452 suspicionem
587 1359 762 1426 retinentis
775 1356 892 1442 dabat,
907 1358 1086 1451 pulvinum
1094 1361 1163 1457 jus

108 1481 146 1545 sit
156 1473 271 1569 injici,
285 1489 389 1568 atque
401 1474 501 1539 etiam
513 1471 629 1538 fauces
642 1493 748 1538 manu
758 1495 819 1538 sua
829 1477 1013 1565 oppressit,
1027 1475 1162 1562 liberto,

108 1591 162 1683 qni
177 1587 225 1654 ob
242 1587 453 1654 atrocitatem
473 1582 630 1650 facinoris
650 1581 912 1667 exclamaverat,
935 1585 1111 1655 confestim
1128 1593 1163 1656 in

108 1719 245 1765 erucem
259 1707 346 1762 aeto'.
361 1698 432 1761 Nec
447 1691 637 1759 abhorrete
649 1694 803 1774 veritate,
822 1715 929 1786 rmum
946 1696 1013 1762 siat
1027 1697 1163 1791 quidam

109 1825 284 1891 auctores,
298 1809 410 1899 ipsum
426 1807 561 1898 postea,
579 1806 641 1872 etsi
654 1811 722 1872 non
735 1803 777 1872 dc
788 1805 954 1897 perfecto,
971 1823 1006 1874 at
1019 1816 1111 1877 certe
1122 1811 1164 1879 de

109 1922 256 2012 cogitato
268 1912 443 2012 quondam
451 1912 649 2008 parricidio,
661 1913 862 2006 professum.
874 1914 1061 1986 Gloriatum
1075 1924 1164 1988 enim

110 2053 179 2099 esse
198 2026 356 2110 assidue,
377 2030 412 2094 in
430 2021 728 2095 commemoranda
749 2044 809 2092 sua
827 2027 970 2117 pietate,
994 2027 1063 2096 aad
1082 2029 1164 2098 ulci-

112 2137 272 2208 scendam
292 2160 411 2206 necem
430 2137 546 2202 matris
567 2151 601 2202 et
613 2135 759 2202 fratrum
775 2137 932 2204 introisse
951 2159 987 2204 se
1005 2161 1085 2206 curn
1102 2151 1165 2233 p‘u'·

113 2257 207 2346 gione
220 2249 419 2319 cubiculum
430 2247 557 2316 Tiberii
567 2244 782 2328 dormientis,
795 2257 846 2314 et9
856 2249 1084 2318 misericordia
1096 2275 1166 2320 cor-

1 2389 2 2454 3
113 2380 263 2458 mptum,
277 2359 410 2454 abjecto
424 2359 514 2426 ferro
528 2361 727 2426 recessisse:
746 2381 810 2424 nec
828 2357 942 2442 illum,
960 2385 1166 2457 quamquam

115 2477 290 2554 sensisset,
306 2485 366 2537 aut
380 2471 549 2564 inquirere
567 2470 765 2563 quicquam,
783 2485 841 2534 aut
853 2473 991 2564 exsequi
1002 2496 1134 2540 ausum.
1148 2505 1162 2534 a

157 2589 251 2652 Xlll.
278 2584 332 2651 Sic
346 2584 527 2674 imperium
540 2567 881 2672 adeptus,'populum
890 2585 1096 2667 Romanum,
1112 2583 1166 2652 vel

115 2695 222 2764 dimm
236 2693 417 2761 hominum
429 2715 553 2786 genus,
566 2695 634 2759 voti
648 2703 857 2784 compotem¹
873 2692 968 2776 fecit,
985 2699 1166 2789 exoptatis·

1 2877 2 2882 ,
115 2810 216 2874 simus
232 2807 394 2896 Princeps
407 2806 562 2870 maximae
578 2805 665 2895 parti
680 2801 939 2895 provincialium
952 2827 991 2872 a'c
1004 2804 1165 2890 militurn,

1 2899 2 2980 l
116 2915 204 3012 quod
225 2915 393 2984 infantem
413 2913 565 3009 plerique
588 2928 837 3006 cognoverant3
862 2913 921 2982 sed
944 2929 978 2983 et
1000 2921 1167 2987 universae

150 3185 174 3239 7.
193 3168 315 3220 Enniam
332 3169 470 3233 Neviam,
487 3167 620 3220 Macronis
665 3165 721 3219 dies
739 3167 860 3232 fovebat,
878 3167 1087 3242 impuleratque,
1106 3183 1169 3242 post

117 3263 235 3311 merem,
248 3259 301 3298 etc.
311 3247 415 3298 Navius
425 3244 555 3298 Sertorius
565 3246 623 3297 Ma·
665 3259 777 3298 mortem
787 3243 918 3313 Claudiae,
932 3263 1010 3319 quam
1022 3259 1133 3320 nuptam
1143 3251 1169 3302 ei

117 3343 159 3376 cro
180 3325 238 3396 (ite
262 3326 333 3376 enim
353 3324 501 3397 appellatur
519 3323 619 3393 Dioni,
664 3314 878 3390 retuli,uxorem
893 3340 968 3378 suam
979 3325 1168 3393 Enniam,im-

3 3405 5 3456 l
117 3403 427 3475 LVlll,'9)praecipuam
437 3403 543 3455 Tiberio
557 3421 620 3475 ope·
665 3402 793 3455 mittendo
807 3421 896 3456 amore
911 3404 1036 3475 juvenem
1051 3405 1167 3474 illicere,

119 3499 170 3534 ram
180 3483 341 3554 praestiterat
353 3485 381 3533 in
393 3480 568 3553 opprimendo
578 3481 621 3535 Se-
664 3496 800 3554 pactoque
809 3483 973 3535 matrimonii
981 3485 1093 3554 vincire,
1103 3485 1170 3538 nihil

117 3565 193 3633 pao,
211 3563 257 3614 cui
277 3564 403 3615 successit
419 3563 447 3612 in
469 3561 621 3614 cohortium
666 3561 1170 3640 abnuentem,dumdominationisapl·

119 3643 338 3712 pretorianorum
345 3643 515 3712 prefectum
525 3641 620 3713 Sejano
666 3653 812 3693 aceretae.»
827 3639 894 3695 Vide
907 3641 986 3693 Dion.
1000 3641 1094 3712 LVIII,
1107 3647 1150 3698 28.

120 3721 234 3788 deterior,
250 3733 280 3772 ut
294 3721 433 3772 Arruntius
450 3719 521 3792 apud
535 3721 619 3772 Tacit.
702 3719 981 3776 8.VenenoTibert'um
989 3736 1167 3799 aggressusest.

122 3799 211 3851 annal.
229 3801 278 3861 Vl,
296 3797 345 3864 48,
359 3812 453 3870 postea
472 3817 488 3852 a
506 3799 571 3852 Gaio
586 3799 622 3852 ad
666 3802 734 3854 Vide
745 3799 834 3853 'liber
846 3801 890 3871 73.
902 3799 982 3868 Mox,
994 3820 1044 3874 pro
1057 3807 1170 3857 retinen-

121 3891 229 3930 raortem
237 3877 346 3930 adactus
355 3899 362 3929 z
372 3876 432 3929 ride
440 3878 509 3930 infra
517 3877 552 3930 ad
561 3897 621 3951 cap.
668 3881 713 3945 tis,
723 3878 830 3931 lleines.
844 3878 877 3931 ad
889 3882 1033 3951 marginem
1045 3881 1107 3935 edit.
1119 3883 1171 3936 Ca·

124 3957 160 4010 ²6.
175 3957 232 4009 Caii
245 3975 305 4008 cum
314 3967 398 4008 uxore
413 3961 470 4028 ejus
479 3972 622 4011 consuetu·
668 3951 743 4011 nauh.
758 3959 873 4027 co'njec'ii
886 3960 1027 4012 renitentis.

123 4035 204 4090 dinem
214 4038 337 4104 Tacitus,
348 4036 446 4089 Annal.
456 4039 505 4105 Vl,
521 4035 573 4105 45,
586 4039 624 4090 ita
703 4053 729 4107 9.
748 4035 785 4087 Et
799 4035 981 4089 misericordia.
997 4033 1049 4089 Alii
1064 4050 1170 4094 suasere

125 4131 218 4169 errat:
242 4139 254 4163 ι
263 4119 344 4169 nimia
358 4118 416 4188 jam
429 4120 551 4187 potentia
564 4117 623 4170 Ma·
667 4116 726 4183 sed,
736 4115 866 4169 Mulieres
878 4127 914 4167 at.

126 4199 220 4263 mnis,
241 4199 286 4269 qui
306 4197 420 4268 gratiam
443 4195 472 4246 C.
494 4195 623 4264 casaris,
703 4198 773 4250 Xlll.
792 4213 815 4248 1.
830 4195 892 4250 Voti
905 4207 1058 4269 compotem.
1074 4197 1170 4251 Gram-

126 4289 252 4347 uenquem
262 4275 312 4329 sihi
322 4274 488 4346 neglectam,
499 4279 587 4330 acrius
596 4280 624 4328 in
669 4277 763 4330 mirice
773 4273 878 4348 'quidem
889 4277 1000 4329 refertur
1013 4272 1064 4329 hoc
1076 4277 1109 4330 ad
1121 4297 1169 4351 po·
