3066 5148
532 557 788 622 CALIGULA.
1146 585 1181 626 tt

135 681 375 748 Germanicum
391 695 510 750 exacto
525 680 705 752 consulatu
723 684 758 748 in
776 679 919 755 Galliam
937 684 1098 768 missum,
1112 709 1193 774 con-k

136 792 302 875 sentiunt,
317 788 393 883 jam
405 808 486 860 nato
501 795 591 862 Caio.
607 797 676 860 Nec
692 790 789 871 Plinii
805 793 999 884 opinionem
1017 797 1190 889 inscriptio

137 927 202 972 arae
220 905 407 998 quicquam
425 901 609 996 adjuverit,
631 927 738 998 quum
756 905 939 996 Agrippina
956 904 1009 975 bis
1028 907 1064 976 in
1082 930 1122 978 ea
1139 931 1189 975 re-

137 1018 235 1106 gione
251 1013 338 1084 filias
357 1016 458 1082 enixa
476 1017 536 1098 sit,
556 1030 591 1082 et
607 1014 852 1110 qualiscunque
871 1031 1008 1106 partus,
1027 1018 1100 1088 sine
1118 1017 1190 1088 ullo

136 1150 237 1196 sexus
264 1126 479 1209 discrimine,
505 1127 721 1222 puerperium⁵
750 1141 911 1211 vocatur3
940 1126 1033 1222 quod
1059 1131 1190 1224 antiqui

137 1240 239 1306 etiam
252 1236 386 1330 puellas
401 1263 532 1332 pucras,
554 1240 641 1308 sicut
658 1253 693 1306 et
707 1254 831 1332 pucros
847 1237 970 1332 puellos
988 1237 1187 1308 dictitarent.

135 1349 255 1414 Exstat
273 1362 309 1414 at
329 1351 471 1439 Augusti
492 1347 649 1441 epistola,
672 1364 917 1441 ante-paucos,
940 1373 1043 1444 quam
1063 1348 1189 1432 obiret,

136 1481 272 1526 menses
293 1458 338 1527 ad
357 1462 578 1553 Agrippinam
597 1475 735 1555 neptem
753 1463 799 1528 ita
820 1461 943 1553 scripta
963 1457 1006 1528 de
1026 1463 1104 1534 Caio
1124 1458 1190 1528 hoc

137 1569 370 1661 (nequeenim
382 1572 563 1663 quisquam
570 1567 642 1662 jam
654 1570 740 1648 alius
753 1569 863 1640 infans
875 1573 1012 1642 nomine
1022 1573 1097 1662 pari
1108 1587 1190 1640 mne

136 1683 329 1770 supererat)
335 1705 348 1764 κι
368 1685 541 1748 aPnerum
552 1683 671 1748 Caium
685 1680 935 1776 quintodecimo
951 1679 1118 1749 Kalendas
1132 1685 1189 1751 Ju-

135 1791 201 1873 nii,
219 1792 248 1860 si
264 1793 318 1858 Dii
335 1789 470 1876 volent,
484 1808 524 1860 ut
541 1792 704 1865 ducerent
716 1793 871 1868 Talarius
887 1809 920 1865 et
938 1791 1107 1874 Asellius,.
1117 1793 1190 1864 heri

135 1924 217 1970 cum
235 1901 288 1970 his
302 1905 472 1970 constitui.
487 1906 586 1972 Mitto
604 1920 767 1998 praeterea
781 1929 859 1975 cum
871 1929 911 1974 eo
928 1928 970 1976 ex
986 1907 1090 1987 servis
1105 1907 1190 1974 meis

135 2009 326 2096 medicum,
339 2037 458 2107 quem,
473 2017 592 2107 scripsi
610 2019 824 2098 Germanico,
841 2018 870 2087 si
885 2014 1002 2098 vellet,
1017 2032 1057 2084 ut
1070 2017 1191 2083 renne-

135 2137 198 2188 ret
217 2120 371 2206 Valebis,
387 2147 465 2192 mea
476 2113 681 2218 Agrippina,⁸
692 2141 726 2197 et
741 2125 836 2200 dabis
851 2150 1006 2220 operam,
1020 2141 1059 2195 ut
1073 2123 1190 2193 valens

136 2233 316 2326 pervenias
333 2234 377 2302 ad
398 2237 636 2310 Germanicum
652 2251 762 2310 tuum.
774 2267 789 2298 s
813 2235 955 2306 Abunde
968 2234 1113 2308 arbitror
1130 2259 1190 2333 pa-

137 2367 228 2428 rere,
247 2368 319 2412 non
339 2348 490 2438 potuisse
508 2345 554 2414 ihi
571 2349 665 2414 nasci
681 2351 814 2429 Gaium,
835 2371 903 2441 quo
918 2369 1025 2444 prope
1040 2344 1190 2416 bimulus
1298 2345 1300 2348 ⁴

137 2454 1191 2553 demumperductusabUrbesit.Versiculorumquoquefidem

136 2567 256 2635 eadem
272 2566 347 2636 haec
362 2567 511 2652 elevant;
526 2587 560 2637 et
577 2595 618 2638 eo
635 2570 783 2654 facilius,
801 2569 893 2664 quod
908 2568 944 2636 hi
963 2571 1035 2638 sine
1053 2584 1191 2636 auctore

137 2697 228 2746 sunt.
243 2678 423 2774 Sequenda
434 2697 486 2747 est
496 2683 609 2774 igitur,
629 2707 705 2778 quae
722 2682 793 2750 sola
810 2683 994 2770 [actorum]
1008 2695 1110 2754 restat
1125 2681 1191 2768 [et]

136 2789 267 2882 publici
284 2793 500 2859 instrumenti
518 2791 732 2861 auctoritas⁶z
755 2784 943 2886 praesertim
964 2815 1071 2886 quum
1092 2793 1191 2858 Caius

136 2903 291 2984 Antium,
313 2901 479 2970 omnibus.
492 2927 625 2996 semper
644 2903 725 2972 locis
743 2920 846 2999 atque
867 2902 1054 2972 secessibus
1072 2900 1192 2994 praela·

136 3029 210 3080 tum
220 3066 229 3096 ‚
241 3036 313 3080 non
329 3012 437 3096 aliter,
450 3038 553 3108 quam
564 3013 675 3082 natale
691 3013 819 3098 solum,
836 3013 1005 3097 dilexerit;
1021 3011 1191 3080 tradatur·

138 3149 204 3220 que
229 3127 348 3209 etiam,
372 3121 488 3193 sedem
509 3149 549 3192 ac
575 3123 782 3204 domicilium
807 3129 940 3219 imperii
964 3123 1065 3192 toedio
1089 3123 1191 3192 Urbis

137 3235 321 3303 transferre
333 3257 374 3302 eo
387 3234 583 3304 destinasse.

183 3349 243 3412 IX.
274 3343 434 3436 Caligulae
457 3357 662 3438 cognomen¹
689 3349 851 3416 castrensi
868 3343 946 3440 joco
968 3348 1087 3431 traxit,
1112 3349 1191 3442 quia

172 3547 199 3600 5.
210 3549 390 3619 Puetperium.
400 3549 525 3604 Priscian.
537 3547 582 3600 lib.
592 3550 641 3601 Vl:
688 3571 720 3604 ex
741 3553 958 3624 interpretatione
977 3550 1076 3621 publici
1096 3552 1191 3603 instrat·

141 3629 246 3682 uPueri
266 3630 422 3682 femininum
440 3650 551 3703 pueram
571 3630 643 3684 dicc-
687 3632 770 3683 menti
775 3669 784 3699 ‚
796 3630 869 3702 quod
878 3642 952 3702 patet
964 3631 1042 3682 etiam
1054 3647 1085 3682 ex
1096 3631 1190 3682 vitiosa

138 3708 204 3762 baut
221 3711 414 3782 antiquissimi,
432 3710 546 3766 undeet
562 3729 644 3784 pucr-
687 3711 715 3762 iu
735 3709 857 3774 omnibus
875 3707 947 3763 libris
965 3711 1118 3780 scriptione.
1137 3709 1190 3760 Re-

137 3808 215 3863 pem,
231 3809 289 3862 qua
300 3811 411 3864 poenam
422 3792 464 3846 vel
472 3809 582 3866 pueram
594 3811 643 3862 pa·
688 3803 766 3862 cepto
777 3788 871 3844 vocab.
883 3801 1014 3856 actorum,
1028 3788 1128 3842 addidit
1140 3788 1191 3840 ali-

139 3873 180 3922 n't.
191 3894 203 3918 ι
221 3869 295 3922 Idem
312 3869 393 3924 docet
409 3889 469 3924 roc.
488 3868 597 3944 puella,
615 3870 643 3924 id
688 3869 747 3939 quis
765 3881 791 3922 et
810 3882 871 3920 ante
891 3865 993 3938 publici
1015 3865 1189 3920 instrumenti.

139 3963 191 4015 est,
203 3949 326 4022 paenula.
687 3946 801 4003 Wolfius
813 3961 954 4018 utrumque
968 3947 1064 3998 omisit.
1078 3947 1135 4000 Nisi
1148 3963 1190 3998 se-

173 4029 199 4080 6.
214 4028 276 4099 Qum
284 4027 338 4082 sola
349 4027 496 4103 [actorum]
507 4043 582 4084 restat
590 4026 643 4102 [et]
688 4040 812 4100 queretur
820 4028 971 4094 auctoritas,
980 4025 1189 4092 suaderem&-

139 4106 236 4176 publici
244 4107 410 4160 instrumenti
419 4110 564 4162 auctoritas.
576 4109 643 4160 Cum
687 4107 790 4182 quenda
803 4120 839 4162 cst
852 4108 932 4179 ipitur
941 4107 1059 4174 saurae,
1075 4121 1132 4177 quoe
1147 4121 1189 4158 to·

142 4185 307 4254 θαιειιὼοιιο,
318 4188 422 4240 Grasvio
432 4199 460 4240 et
468 4187 642 4258 Oudendorp.
688 4187 730 4252 la,
745 4200 796 4240 ete.

142 4270 510 4322 cctomminteutumvenisse
519 4280 643 4339 putamus
666 4293 669 4298 ·
723 4269 767 4318 tx.
784 4285 806 4320 t.
823 4264 949 4339 Galipuloe
963 4280 1122 4335 cognomen,
1137 4276 1186 4314 etc.
