3048 5142
378 575 444 641 268
754 578 790 640 C.
816 576 1047 642 SUETONII

380 700 525 784 «Galba,
545 700 666 793 cupide
683 701 804 768 fruaris
823 718 919 771 aetate
938 700 1056 785 tua⁸;r
1077 703 1222 769 maxime
1239 702 1357 769 irritati
1373 703 1414 772 ad

376 811 478 880 talem
489 809 643 903 jocorum
657 810 892 903 petulantiam,
911 812 1001 908 quod
1016 829 1093 878 ante
1106 835 1232 905 paucos
1247 813 1318 880 dies
1331 817 1416 898 exie·

374 926 476 988 ratio
493 921 630 1013 vulgus,
648 921 796 990 laudanti
813 922 946 990 cuidam
965 923 1108 990 formam
1127 946 1239 1004 suam,
1256 939 1295 990 ut
1307 922 1415 991 adhuc

373 1029 529 1098 floridam
544 1048 575 1098 et
587 1050 753 1124 vegetam,
769 1033 981 1125 respondisse
992 1056 1087 1115 eum,
1100 1046 1137 1104 ἔτι
1150 1053 1212 1126 port
1225 1051 1298 1125 μένος
1311 1047 1416 1126 ἔμπεδόν

373 1155 453 1211 ἐστιν.
474 1141 522 1208 Ab
541 1139 593 1208 lris
612 1141 755 1210 Patrobii
776 1146 974 1211 Neronianit
993 1141 1132 1210 libertus
1151 1161 1288 1209 centum
1307 1145 1414 1209 aureis

373 1249 580 1334 redemtum,
601 1275 640 1318 eo
659 1251 749 1335 loco,
769 1252 826 1320 ubi
842 1253 940 1346 jussu
959 1251 1073 1320 Galbae
1092 1251 1364 1320 animadversum
1382 1254 1415 1320 in

308 1451 313 1459 ,
372 1377 553 1453 patronum
566 1385 666 1428 suum
682 1363 806 1444 fuerat,
823 1361 952 1456 abjecit.
967 1368 1045 1432 Sero
1060 1363 1195 1430 tandem
1207 1362 1415 1456 dispensator

371 1476 492 1565 Argius
502 1483 542 1555 ¹¹,
557 1490 591 1540 et
603 1471 668 1540 hoc
680 1489 714 1540 et
727 1491 877 1541 ceterum
890 1492 1047 1541 truncum
1059 1476 1094 1540 in
1107 1475 1245 1567 privatis
1258 1473 1330 1568 ejus
1342 1473 1414 1542 bor·

372 1583 415 1648 tis
427 1581 570 1650 Aureliae
581 1585 643 1652 viae
652 1599 677 1630 ¹²
689 1583 871 1676 sepulturae
884 1582 985 1651 dedit.

418 1705 505 1768 XXI.
521 1704 652 1769 Statura
665 1702 728 1769 fuit
735 1699 843 1794 justa,
859 1702 966 1794 capite
978 1701 1180 1795 praecalvo¹,
1195 1701 1301 1770 oculis
1314 1725 1414 1769 caeru·

371 1809 449 1895 leia,
460 1811 591 1880 adunco
602 1837 700 1896 naso,
713 1813 868 1880 manibus
878 1812 1088 1907 pedibusque
1097 1811 1268 1879 articulari
1278 1812 1413 1879 ²m0rbo

372 1920 632 2006 distortissimis,
650 1940 689 1991 ut
701 1949 811 2020 neque
822 1923 975 1992 calceum
988 1927 1137 2018 perpeti,
1156 1948 1267 2018 neque
1283 1922 1413 1990 libellos

281 2055 285 2075 ⁸
372 2032 540 2117 evolvere,
557 2051 616 2102 ant
627 2056 741 2104 tenere
754 2038 892 2104 omnino
905 2029 1040 2104 valeret.
1055 2040 1255 2102 Exereverat
1266 2039 1366 2101 etiam
1380 2038 1412 2100 in

370 2274 508 2332 tumque·
525 2266 565 2317 cf.
582 2265 682 2338 Xipbil.
698 2281 724 2319 et
737 2267 867 2322 Plutarcb
913 2269 984 2320 nitus
998 2287 1012 2319 a
1026 2266 1109 2320 Galba
1125 2265 1230 2336 fueret)
1248 2281 1353 2337 postera
1368 2264 1414 2316 de·

324 2393 327 2407 ,
369 2340 421 2392 loc.
438 2344 630 2418 cit-Ergo,
648 2347 868 2418 qualibet'aetate,
913 2347 1412 2419 mumdierepertum‚etcremstojam

371 2419 463 2472 eadem
483 2442 586 2494 semper
604 2429 758 2478 insanientis
776 2427 870 2499 populi
913 2431 1020 2498 corpori
1031 2428 1173 2479 admixtum
1184 2439 1230 2479 est.
1242 2449 1254 2472 ι
1265 2426 1413 2478 tantulu-

370 2499 456 2550 rabies
467 2501 585 2567 effertur,
596 2516 622 2553 et
630 2505 657 2554 in
670 2507 743 2555 omni
755 2505 869 2557 tumultu
914 2506 996 2558 tarcb.
1010 2526 1032 2559 c.
1048 2507 1096 2572 ιθ,
1111 2508 1156 2577 qui
1168 2505 1285 2558 Patrobii
1299 2521 1325 2557 et
1335 2504 1412 2582 Vl¹0¹5

369 2579 528 2630 exsecranda
541 2579 595 2631 haec
608 2594 705 2652 tropaes
717 2581 841 2634 borreasl
913 2587 940 2638 lii
951 2589 1030 2638 servis
1041 2586 1170 2638 donatum
1180 2598 1262 2656 eaput
1271 2585 1350 2652 dicit,
1360 2605 1412 2637 non

406 2667 430 2720 8.
453 2666 549 2734 Gutta,
563 2669 662 2742 cupide.
672 2710 677 2721 .
688 2709 710 2722 ..
725 2683 800 2724 aetate
814 2686 866 2725 tua.
913 2663 1007 2717 liberto
1020 2664 1162 2717 venditum.

368 2747 475 2798 Momm.
492 2747 603 2818 Cupido,
621 2762 650 2799 ut
664 2749 752 2800 Galbae
771 2769 867 2802 nomen
953 2771 992 2805 ιι.
1005 2754 1067 2806 Sero
1078 2753 1182 2804 tandem
1193 2750 1412 2822 dispensatorAr·

368 2827 506 2898 Cupidinis
529 2847 577 2898 per
594 2831 686 2898 jocum
708 2830 867 2884 addiderint.
910 2835 982 2904 piro,
997 2845 1045 2883 etc.
1061 2832 1144 2882 Tacit.
1161 2849 1221 2901 cap.
1237 2830 1287 2900 49:
1304 2829 1412 2882 -Gatba

368 2907 867 2983 Commendarunteamlectionempost
912 2929 1010 2982 corpus
1028 2909 1073 2960 diu
1093 2909 1241 2980 neglectum
1261 2921 1288 2960 et
1309 2907 1412 2960 licentia

367 2987 482 3040 Turneb.
492 2988 599 3041 Advers.
610 2991 710 3056 XXXI,
721 2991 763 3058 dt,
773 2991 869 3044 Casan·
913 2989 1080 3040 tenebrarum
1097 2987 1216 3058 plurimis
1233 2986 1355 3038 ludibriis
1370 3006 1413 3039 re·

367 3067 455 3120 bonus
479 3083 504 3120 et
522 3069 646 3122 Wolfius.
671 3070 800 3142 Equidem
822 3090 868 3124 ae·
912 3066 1414 3140 nutum,dispensatordrgius‚eprio·

369 3150 476 3217 quiesco
495 3150 521 3198 in
541 3151 647 3219 cupide,
669 3149 743 3221 quod
762 3170 868 3203 sensum
913 3145 985 3198 ribus
1005 3149 1101 3211 servis,
1119 3143 1212 3196 humili
1230 3144 1411 3215 sepulturola

367 3227 428 3276 satis
441 3225 611 3277 commodum
625 3225 730 3298 praebet.
745 3229 867 3280 Ceterum
912 3227 1020 3296 privatis
1030 3228 1087 3295 ejus
1097 3223 1182 3274 bortis
1190 3224 1315 3276 contexit.
1325 3247 1336 3270 ι
1347 3223 1412 3274 Vide

368 3322 428 3354 cum
447 3303 560 3368 Wolfio,
576 3319 678 3377 turpem
696 3307 867 3378 significatio·
912 3303 1044 3355 Plutarch.
1058 3303 1075 3354 l.
1089 3323 1111 3355 c.

366 3401 428 3434 nem
442 3386 467 3433 in
484 3384 707 3438 oetntisvocabulo
720 3405 790 3453 esse,
804 3406 866 3459 per·
950 3408 990 3442 tn.
1003 3389 1116 3442 Aureliae
1128 3391 1183 3442 vite.
1194 3390 1261 3441 Cutn
1271 3391 1412 3442 Torrentin

367 3479 474 3512 suasum
489 3461 584 3514 habeo.
911 3468 1084 3540 Oudendorp.
1097 3481 1122 3520 et
1131 3469 1266 3520 Ernestius
1278 3467 1414 3519 malebant

403 3567 428 3619 9.
440 3549 488 3598 'Em
497 3570 551 3614 μοι,
566 3565 615 3603 eto.
626 3553 663 3602 Ex
674 3553 780 3605 Homer.
791 3551 865 3605 Iliad.
910 3547 1018 3600 Aurelia
1036 3550 1086 3600 via.
1105 3549 1143 3600 lta
1160 3550 1270 3618 Eutrop.
1286 3549 1350 3615 Vll,
1368 3564 1412 3614 to,

367 3630 401 3696 V,
417 3629 476 3694 254.
914 3651 925 3674 α
932 3627 1069 3698 jugulatus
1082 3627 1304 3692 insomnem,
1322 3627 1413 3698 sepul·

406 3731 446 3765 to.
467 3715 583 3766 Patrobii
594 3717 747 3768 Neroniani.
763 3719 800 3769 De
815 3716 866 3769 boo
910 3720 1007 3776 mque
1017 3709 1044 3758 in
1054 3706 1138 3758 h0sti⁵
1148 3709 1215 3770 ⁵¹¹l⁸r
1228 3707 1272 3776 qul
1285 3721 1348 3758 ΝΜ
1357 3705 1413 3756 ⁴4¹²·

367 3793 426 3845 vide
440 3793 538 3866 Xiphil,
555 3795 648 3860 LXssl,
667 3797 697 3858 33
712 3798 746 3849 cf,
763 3797 796 3848 ad
810 3799 866 3848 Ne.
913 3786 975 3838 rolin
986 3787 1026 3839 oia
1034 3785 1173 3856 nonlonge
1181 3787 1214 3837 ab
1222 3787 1293 3837 Urbe
1301 3787 1410 3839 Roma.»

368 3890 426 3923 ron.
444 3873 486 3937 45.
503 3873 684 3924 Jussu'Galbae
698 3876 866 3926 interemtum
955 3873 1023 3924 XXI.
1052 3889 1073 3924 t.
1103 3874 1192 3944 Cupite
1212 3871 1351 3944 proculve.
1373 3875 1413 3925 lta

367 3965 476 4000 narrant
490 3949 623 4000 Plutarch.
642 3969 700 4021 cap.
721 3969 760 4020 17,
779 3967 804 4004 ct
817 3955 865 4004 Xi-
911 3951 1016 4003 Momm.
1031 3951 1137 4022 aliique.
1149 3951 1224 4021 Vulg.
1238 3951 1323 4004 calvo.
1334 3951 1412 4003 Conf.

366 4028 431 4100 phil.
444 4030 538 4094 wa,
551 4029 574 4080 3.
588 4029 627 4080 De
641 4047 668 4080 re
682 4032 764 4082 Tacit.
778 4050 800 4082 c.
817 4033 864 4101 49,
912 4035 1020 4083 omnino
1037 4030 1169 4083 Plutarch.
1187 4031 1263 4085 Galb.
1283 4049 1343 4103 cap.
1365 4031 1413 4096 13,

370 4133 381 4154 a
391 4109 488 4178 Caput,
503 4127 551 4178 per
563 4107 626 4158 lixas
640 4108 799 4180 calonesque
809 4112 865 4161 suf·
911 4125 937 4163 ct
948 4111 1007 4163 vide
1022 4113 1099 4163 etiam
1114 4131 1173 4183 cap.
1188 4113 1318 4182 superins.

367 4189 447 4240 lixum
457 4188 738 4258 laceratumque,ante
751 4191 866 4241 Patrobii
946 4209 969 4243 a.
989 4191 1131 4243 Articulari
1150 4193 1245 4244 onorio.
1265 4192 1343 4242 Goni.
1366 4193 1413 4243 Xi-

367 4268 497 4321 tumulum
509 4267 632 4339 (libertus
643 4269 665 4320 is
677 4270 805 4335 Neronis,
817 4287 864 4340 pu·
910 4269 975 4342 pbil.
991 4271 1081 4338 LXIV,
1094 4273 1124 4338 3,
1139 4271 1185 4323 ubi
1198 4271 1312 4322 Reimar.
