3116 5146
419 529 485 618 49⁸
826 523 1053 594 nnnnsnu

416 667 494 727 atque
503 653 609 706 efficere
620 650 749 718 voluisse,
758 661 789 703 ut
801 649 966 703 observarent
980 650 1132 702 seinvicem
1141 647 1262 721 judicet,
1274 669 1307 702 nc
1318 653 1372 723 qnia
1382 655 1441 705 noci-

415 753 478 807 pero
490 735 629 807 pecuniam
642 731 758 785 auderet.
775 733 884 785 Notavit
897 743 985 783 autem
1003 730 1170 783 referendum
1188 731 1222 783 ad
1234 731 1372 785 Domitiani
1389 751 1440 785 een·

417 833 513 868 summ-
595 850 602 858 ·

652 1018 1009 1117 EXCURSUS
1038 1017 1217 1117 XVIII

617 1260 685 1331 An
712 1258 1083 1346 nomnmnuu,
1108 1259 1193 1330 nn.
1217 1284 1253 1354 9.

409 1711 603 1799 Naounams
614 1760 645 1795 ex
656 1740 854 1812 consuetudine,
872 1752 922 1792 etc.
939 1739 1059 1792 Difficilis
1075 1737 1205 1809 explicatu
1220 1737 1296 1794 locus
1313 1739 1439 1794 duabatin

409 1827 487 1880 rebue
504 1848 511 1876 :
530 1826 661 1895 primurn,
682 1823 727 1896 qui
740 1822 827 1874 scribor
844 1821 975 1893 quartarii
995 1819 1193 1890 intelligantur?
1215 1822 1325 1886 urbani,
1344 1841 1374 1874 an
1387 1841 1441 1894 pro·

408 1907 546 1971 vinoiales,
559 1924 592 1957 an
605 1922 711 1963 ornnem
723 1901 833 1966 deinde,
851 1919 909 1973 quoe
920 1901 967 1953 ista
982 1899 1024 1952 lex
1037 1898 1127 1954 Clodia
1139 1901 1187 1954 sit?
1200 1901 1282 1969 Quod
1294 1903 1327 1955 ad
1340 1905 1439 1974 primurn

408 1991 517 2055 attinet,
538 2008 593 2040 non
613 1985 718 2037 videtur
735 1982 934 2053 intelligendum
953 1981 986 2035 de
1005 1983 1113 2035 urbanis
1131 2003 1191 2036 cum
1209 1985 1351 2037 Torrentio
1366 2007 1372 2036 :
1387 1987 1440 2054 quia

407 2070 479 2122 nullo
488 2087 579 2120 caussa
587 2105 594 2132 ,
602 2067 724 2138 querelis
732 2064 910 2134 negotiatione
918 2061 1133 2126 Interdicerotur,
1142 2081 1222 2134 quum
1230 2063 1282 2115 illis
1292 2063 1439 2134 temporibus

406 2151 529 2218 Quaestor
541 2147 660 2198 urbanus
672 2145 798 2214 pecunias
814 2141 935 2212 publicas
948 2161 1001 2193 non
1019 2153 1159 2205 tractaret;
1178 2143 1247 2214 quod
1264 2163 1317 2196 non
1332 2143 1440 2196 veniebat

406 2235 433 2284 in
448 2243 561 2284 mentem
571 2228 725 2290 Torrentio,
741 2245 822 2296 quum
836 2227 862 2276 in
871 2223 897 2274 lr.
911 2223 928 2274 l.
939 2235 1179 2276 commentaretur:
1196 2242 1283 2294 neque
1296 2223 1350 2275 ulla
1360 2241 1438 2276 cantat

405 2313 547 2381 reperitur,
567 2327 647 2379 quare
666 2307 809 2374 Quaestoris
830 2313 932 2356 tanturn
946 2302 1036 2356 scribae
1053 2299 1087 2352 ab
1106 2303 1289 2370 negotiatione
1299 2315 1439 2367 arceantur,

404 2408 460 2442 non
473 2404 499 2441 et
512 2403 665 2441 ceterorum
679 2387 895 2454 magistratuum,
914 2382 1010 2454 qulbus
1025 2399 1054 2433 ea
1074 2378 1241 2432 interdictum
1262 2383 1355 2448 luisse,
1371 2399 1439 2434 nemo

403 2487 454 2521 nec
467 2467 586 2532 tradidit,
597 2485 645 2518 nec
658 2461 750 2517 credit.
761 2465 844 2532 Capio
855 2464 933 2532 igitur
943 2461 976 2514 de
987 2459 1208 2533 provincialibus,
1220 2479 1330 2532 remque
1340 2464 1375 2514 sic
1383 2479 1439 2514 con·

403 2547 483 2616 cipio.
497 2546 611 2597 Cautum
627 2557 679 2595 erat
692 2543 760 2595 clare
773 2542 834 2594 olim
849 2540 966 2610 legibus,
986 2539 1067 2611 idque
1080 2553 1140 2610 post
1150 2541 1342 2612 principalibus
1354 2543 1439 2594 eonsti-

403 2625 551 2678 tutiouibus
565 2625 714 2695 repetitum,
727 2641 760 2674 ne
770 2619 895 2673 Prasidea
907 2621 1119 2692 provinciarum,
1130 2621 1209 2692 etqui
1221 2621 1291 2672 circa
1302 2634 1439 2688 coeessent,

401 2707 489 2758 foenus
512 2716 680 2768 exercerent,
702 2703 955 2770 negotiarenturve:
978 2699 1036 2752 vide
1062 2698 1244 2752 Modestinum
1269 2702 1297 2752 in
1325 2701 1437 2754 Pandeet.

401 2784 452 2857 leg.
466 2785 514 2852 33,
529 2784 563 2836 de
576 2781 652 2835 rebus
667 2779 763 2843 credit;
779 2779 838 2847 sed,
851 2792 880 2831 ut
899 2782 1002 2851 excepti
1014 2791 1102 2831 essent
1116 2782 1240 2844 comites,
1261 2782 1315 2834 sire
1325 2781 1439 2834 officialet

400 2867 436 2932 ii,
448 2866 493 2938 qni
507 2863 629 2936 perpetui
644 2872 746 2926 eosent,
764 2862 828 2912 etin
841 2861 994 2932 provincia,
1010 2861 1088 2911 etiam
1101 2871 1202 2910 mutato
1217 2859 1345 2927 Praesitle,
1358 2879 1439 2913 mane·

401 2957 476 3009 rent,
490 2958 520 2996 ut
530 2943 637 2996 Paullus
651 2941 730 2994 docet
744 2944 769 3006 l,
786 2941 833 3008 dl,
849 2941 908 2994 eod.
928 2943 967 2994 tit.
984 2953 1009 2992 et
1025 2941 1141 2993 Sonteut.
1162 2939 1209 2992 lib.
1226 2941 1266 3008 ll,
1285 2945 1326 2994 tit.
1343 2959 1368 3009 t,
1383 2941 1403 3013 §.
1417 2941 1438 2994 5.

400 3021 470 3076 Nam
486 3025 608 3093 iniquum
621 3019 774 3088 videbatur,
788 3040 846 3087 eos,
860 3021 905 3092 qui
916 3033 1046 3092 perpetuo
1058 3021 1086 3071 in
1100 3021 1237 3091 provincia
1254 3021 1344 3092 alit'pua
1357 3039 1438 3072 mane-

400 3114 477 3168 rent,
490 3100 523 3153 ab
538 3101 608 3152 omni
622 3101 801 3168 negotiatione
816 3099 937 3165 excludi,
958 3113 989 3150 ut
1004 3111 1074 3151 recte
1096 3111 1187 3150 monet
1206 3097 1389 3172 Schultingius.
1407 3100 1439 3151 Ex

400 3199 456 3254 quo
474 3182 534 3251 ipso
550 3199 598 3252 per
609 3180 758 3250 analogiam
774 3179 906 3253 quandam
921 3179 1043 3249 collugere
1060 3177 1138 3245 lieet,
1156 3179 1249 3232 scribis
1266 3180 1373 3232 urbanis
1387 3199 1438 3232 ma·

317 3307 319 3311 .
398 3265 557 3334 gistratuum
572 3257 642 3311 idom
657 3260 771 3314 licuisse.
789 3263 846 3313 Iam
863 3263 924 3331 qnia
940 3259 1033 3314 iisdem
1046 3259 1237 3331 principalibus
1253 3262 1440 3314 constitutioni·

398 3341 449 3396 ltus
467 3361 523 3395 non
543 3353 568 3393 et
586 3341 680 3394 diserte
696 3342 730 3394 de
744 3343 908 3410 Quaestorum
927 3341 1129 3414 provincialium
1149 3341 1241 3412 scribis
1257 3357 1361 3396 cautum
1377 3355 1439 3408 erat,

397 3434 534 3492 coeperunt
550 3423 758 3491 negotiationem
775 3441 912 3488 exercere,
929 3421 1048 3491 neglecta
1064 3419 1122 3490 lege
1138 3423 1265 3493 antiqua,
1281 3423 1353 3476 velut
1367 3421 1438 3474 oblit-

397 3515 479 3554 terata
491 3502 617 3570 temporis
630 3500 810 3568 diuturnitate.
823 3501 915 3574 Itaque
928 3503 1012 3554 visum
1025 3516 1064 3555 est
1077 3503 1243 3569 Domitiano,
1257 3501 1290 3555 de
1303 3521 1334 3556 ea
1343 3521 1368 3555 re
1377 3517 1438 3554 nora

400 3580 589 3632 constitutione
605 3588 707 3633 cavoreg

432 3658 511 3730 Quod
524 3655 557 3710 ad
573 3657 655 3730 lepem
670 3657 788 3713 Clodiam
804 3663 910 3726 attinet,
923 3659 1051 3727 arbitror,
1065 3661 1175 3734 intelligi
1188 3661 1287 3732 legem,
1299 3661 1381 3714 liberte
1394 3663 1438 3714 rei·

394 3739 507 3813 publicae
525 3737 688 3810 temporibus
702 3740 799 3792 latam:
816 3761 831 3792 n
847 3761 899 3811 quo
913 3739 966 3792 lata
980 3742 1027 3805 sit,
1043 3742 1144 3812 ignoro.
1161 3741 1259 3792 Putant
1275 3753 1373 3812 partem
1387 3743 1438 3810 ejus

395 3821 458 3890 lepis
473 3819 565 3884 fuisse,
578 3837 634 3888 quae
649 3817 789 3872 Senatores
801 3819 955 3893 prohibuit,
975 3839 1056 3873 naves
1075 3820 1204 3872 aedificare
1219 3833 1265 3872 aut
1284 3841 1375 3874 emere.
1391 3818 1437 3872 Sed

395 3901 566 3953 incertissima
578 3901 730 3971 conjectura
742 3914 796 3962 est,
814 3915 840 3953 et
856 3902 913 3954 solo
930 3904 1037 3954 nornine
1054 3901 1190 3954 communi
1204 3903 1305 3954 nititur.
1322 3903 1370 3954 Res
1385 3903 1437 3972 ipsa

395 3990 433 4030 est
445 3978 588 4050 ejusmodi,
601 3992 630 4030 ut
641 3979 699 4050 lege
709 3980 799 4050 aliqua
811 3979 844 4033 de
854 3983 998 4055 provinciis
1011 3985 1097 4035 caveri
1109 3980 1238 4054 potuerit,
1248 3981 1289 4034 vel
1301 3995 1375 4034 caute
1384 3997 1436 4033 case

392 4059 528 4116 videatur:
543 4061 591 4112 nisi
603 4060 645 4112 lox
659 4059 692 4112 de
704 4059 848 4113 scribarum
863 4061 952 4114 officio
966 4059 1029 4130 fuit,
1044 4081 1101 4135 quar
1117 4079 1179 4114 cum
1194 4061 1284 4115 multis
1298 4062 1354 4116 aliis
1364 4063 1435 4134 igno·

395 4153 476 4194 ratur.
