3076 5146
468 477 785 544 couterinus.
882 443 890 472 ‘'
1084 479 1147 571 l¹t

101 599 372 670 comissareturt.
393 605 479 668 Nam
495 599 539 668 ad
557 600 676 668 horam
696 603 805 668 somni
823 600 907 669 nihil
925 603 1033 689 aliud,
1049 629 1162 700 quant·

102 711 197 780 solus
213 728 343 782 secreto
357 710 603 781 deambulabat.

149 827 257 891 XXII.
282 823 444 891 Libidinis
460 825 604 906 nimiae¹,
620 821 847 890 assiduitatem
864 823 1079 908 concubitus,
1097 851 1153 893 ve·

102 933 156 1001 lut
173 937 420 1004 exercitationis
439 959 564 1026 genus,
581 934 758 1027 clinopalen
773 935 925 1003 vocabat.
943 941 1090 1033 Eratque
1106 939 1155 1005 fa·

102 1069 178 1128 ma,
199 1049 296 1140 quasi
315 1047 520 1114 concubinas
537 1049 609 1137 ipse
626 1043 838 1125 develleret2,
855 1062 1053 1142 nataretque
1070 1052 1156 1115 inter

103 1153 353 1246 vulgatissimos
365 1157 570 1222 meretrices.
584 1155 709 1221 Fratris
721 1152 842 1220 filiam³
851 1153 964 1223 adhuc
976 1159 1155 1248 virginem,

104 1266 256 1335 oblatam
271 1271 307 1335 in
324 1270 575 1336 matrimonium
593 1265 671 1348 sibi,
689 1291 796 1362 quum
813 1266 988 1336 devinctus
1003 1273 1157 1338 Domina

105 1381 237 1471 nuptiis
264 1363 527 1470 pertinacissime
549 1394 754 1458 recusasset,
778 1401 848 1444 non
872 1379 979 1446 multo
1003 1397 1080 1472 post
1102 1380 1158 1448 alii

107 1487 327 1573 collocatam,
351 1492 501 1582 eorrupit
520 1489 628 1573 ultro,
652 1506 685 1556 et
706 1488 845 1585 quidem
867 1495 943 1560 vivo
966 1495 1158 1559 etiamtum

106 1602 204 1666 Tito:
217 1624 298 1668 mox
308 1618 403 1693 patre
415 1625 454 1668 ac
466 1602 537 1667 viro
552 1599 722 1683 orbatam,
735 1601 966 1669 ardentissime
981 1602 1159 1696 palamque

54 1724 64 1736 '
108 1708 242 1795 dilexit,
266 1727 304 1778 ut
320 1714 425 1779 ‘etiam
445 1734 545 1778 causa
563 1712 681 1778 mortis
698 1713 879 1795 exstiterit,
899 1729 1022 1780 coaetae
1042 1736 1160 1779 conce-

106 1824 313 1916 ptumlase
327 1823 472 1917 abigere.
957 1807 958 1812 ἵ
1117 1815 1119 1819 ⁴

155 1939 279 2002 XXlll.
300 1937 458 2002 Occisum
468 1959 546 2002 eum
559 1933 705 2027 populus
718 1935 963 2019 indifferenter,
978 1939 1074 2004 miles
1083 1960 1160 2028 gra-

108 2047 247 2114 vissime
258 2045 349 2129 ndit,
364 2049 543 2140 statimque
555 2048 676 2111 Divum
687 2044 859 2136 appellare
871 2064 1010 2113 conatus
1024 2063 1089 2129 est,
1105 2072 1161 2138 pa-

63 2169 66 2174 ’
107 2172 205 2224 ratus
214 2173 251 2223 et
260 2155 581 2240 ulcisci,nisiduces
591 2154 902 2250 defuissent:quod
911 2156 1047 2252 quidem
1058 2157 1160 2248 paulo

12 2303 16 2312 ·
107 2283 190 2360 post
207 2267 300 2351 fecit,
321 2254 540 2360 expostulatis
558 2267 602 2334 ad
617 2271 755 2359 ¹poenam
775 2269 1050 2358 pertinacissime
1061 2263 1160 2333 caedis

107 2377 306 2444 auctoribus
317 2386 337 2444 ¹.
350 2383 475 2445 Contra
488 2381 628 2448 Senatus
641 2373 728 2442 adeo
742 2373 875 2442 laetatus
887 2391 952 2460 est,
965 2391 1019 2459 ut,
1034 2373 1162 2468 repleta

109 2489 267 2554 certatim
276 2490 392 2571 Curia,
405 2512 475 2555 nou
486 2502 704 2580 temperaret,
714 2488 798 2580 quin
811 2503 982 2553 mortuum
993 2503 1163 2552 contume-

108 2598 294 2666 liosissimo
305 2616 408 2694 atque
421 2599 636 2666 acerbissimo
648 2595 929 2663 acclamationum
942 2619 1063 2687 genere
1076 2596 1163 2664 lace-

144 2761 173 2830 4.
196 2763 384 2817 &omitteretur
400 2763 467 2816 Vide
481 2761 514 2816 ad
525 2763 612 2816 Vitell.
660 2759 1162 2828 solum,verumetiamoceidisset;narn

107 2861 171 2914 cap.
191 2842 231 2894 13.
660 2839 741 2892 vidua
762 2841 856 2893 abortu
877 2843 995 2912 periit,n
1021 2843 1067 2892 ubi
1088 2841 1161 2893 nullo

146 2923 231 2974 XXII.
248 2940 269 2974 t.
288 2923 414 2975 Libidinis
428 2923 524 2974 nimia.
537 2923 613 2974 Conf.
660 2921 742 2972 modo
752 2920 914 2974 admittenda
924 2921 1074 2973 emendatio
1084 2923 1163 2973 Hein-

108 2999 215 3072 xiphit.
230 3002 336 3068 vatt,
350 3001 375 3054 6.
662 3002 692 3052 sii
704 3017 766 3053 nam
780 3001 855 3052 biduo
864 3004 898 3053 ab
907 3002 1001 3053 abortu
1010 3003 1096 3074 periit.
1107 3005 1163 3052 tta-

148 3099 175 3134 2.
190 3080 351 3143 Deceliam,-
363 3080 389 3132 h.
404 3100 426 3133 e.
438 3081 559 3148 velleret,
571 3080 617 3134 de·
660 3082 728 3131 xima
745 3083 814 3130 enim
828 3081 866 3132 vis
881 3081 960 3132 estin
976 3081 1057 3132 verbo
1076 3083 1161 3134 vidua,

107 3161 218 3234 pilaret.
231 3163 321 3233 inepte
336 3162 369 3214 al.
381 3160 520 3213 divelleret.
661 3161 701 3211 Ne
720 3159 824 3230 gravida
844 3160 950 3230 quidem
969 3178 1028 3212 esse
1048 3159 1163 3212 debebat

146 3241 176 3294 3.
192 3241 291 3293 Fratris
294 3239 384 3313 filiam
391 3263 401 3302 ,¹
413 3240 518 3293 lulium.
532 3240 618 3293 Collo·
661 3239 748 3292 vidua.
768 3240 808 3292 Cf.
827 3242 907 3292 etiam
921 3241 1030 3293 Gesner.
1050 3241 1083 3292 ad
1099 3241 1125 3293 b.
1146 3241 1162 3292 l.

108 3335 172 3376 cata
184 3321 272 3373 fuerat
283 3321 371 3373 Flavio
383 3319 570 3391 sabinotvtde
582 3320 617 3373 ad
662 3319 802 3386 Ceterum,
825 3339 880 3371 non
901 3320 1020 3372 dissentit
1044 3323 1163 3372 Juvenal.

109 3420 172 3474 cap.
193 3400 254 3472 ιο),
268 3403 408 3453 interemto
427 3417 442 3450 a
457 3401 616 3452 Domitiano.
663 3399 715 3451 Sat.
729 3401 765 3464 ll,
778 3399 828 3463 32,

110 3481 195 3535 Gonf.
223 3479 352 3551 Xiphillnr
374 3481 484 3545 LXVll,
513 3480 546 3545 3,
571 3480 619 3532 ubl
663 3492 1164 3550 Quumtutabortivisiecundarnlulitvulvam

110 3563 279 3625 fflimamm,
290 3561 387 3612 erroris
396 3572 547 3629 arguentem
558 3559 618 3610 Phi.
663 3554 766 3603 Solveret,
774 3564 795 3595 et
802 3564 875 3611 patruo
882 3555 959 3598 slmiles
965 3556 1146 3600 effundertloflfls.

109 3640 217 3695 lortrat.
240 3641 286 3710 qui
305 3640 368 3706 vlt,
391 3657 422 3708 7,
444 3652 505 3709 post
525 3657 617 3691 necem
664 3635 1164 3688 Totabortivaenimsuntmedicnmen·

110 3717 219 3784 Sabini,
234 3717 341 3770 ductam
359 3736 414 3769 esse
428 3718 524 3769 lulium
537 3735 551 3768 a
564 3721 617 3770 Do·
663 3726 703 3782 ta,
723 3734 780 3786 quar
795 3715 944 3767 effecerunt
959 3718 1094 3782 abortum,
1110 3736 1164 3766 non

110 3799 243 3863 mitiano,
265 3797 425 3868 nuptiasque
446 3796 480 3848 ab
498 3783 618 3869 Ephesiis
662 3794 752 3866 plures
765 3794 882 3846 abortus.
894 3796 960 3848 Vide
971 3797 1008 3847 ibi
1020 3798 1128 3868 liupert.

111 3875 263 3928 celebratas
278 3874 367 3927 tradit.
697 3875 792 3926 xxtlt.
809 3893 831 3926 ι.
849 3875 1076 3947 Expostulatis.....
1091 3875 1165 3928 credis

149 3954 176 4022 i.
190 3956 365 4026 Cenceptnm
374 3955 391 4004 i.
403 3972 425 4005 e.
438 3955 543 4021 foetum,
556 3954 620 4006 sub-
663 3956 817 4008 auctoribus.
830 3958 930 4024 Victor,
944 3958 1013 4027 Epit.
1033 3955 1096 4020 xtt,
1118 3955 1165 4021 td,

113 4036 237 4090 etantive.
253 4033 321 4087 Vide
336 4031 435 4086 Dulrer.
451 4047 477 4086 et
494 4033 618 4089 Oudend.
667 4034 800 4102 notitias,
820 4034 942 4105 neglecto
965 4035 1102 4108 Principe,
1121 4053 1165 4086 re-

111 4114 181 4167 Ptin.
192 4116 276 4187 Epist.
289 4116 333 4178 tv,
349 4130 391 4182 11,
402 4114 432 4180 6,
450 4136 462 4160 ι
472 4115 620 4186 quumipse
666 4115 792 4186 quisitor,
810 4117 963 4167 Petronium
983 4113 1103 4184 (Petron.
1119 4115 1166 4167 Se-

113 4195 204 4248 fratris
214 4193 295 4246 filiam
304 4193 406 4246 incesto
418 4212 473 4246 non
483 4191 621 4265 polluisset
665 4194 793 4263 cundum,
804 4197 958 4247 Praefectum
968 4196 1105 4262 Pretorio,
1114 4197 1164 4246 Eu-

164 4336 166 4340 .
210 4285 258 4350 ΙΙ.
984 4309 1023 4373 27
