3066 5148
312 567 315 572 ,
373 493 414 557 32
746 492 782 556 c.
808 489 1043 557 sunnonu

371 618 487 684 uxoris
505 616 680 711 propalam
698 614 826 684 babuit.
847 615 1016 686 Heredem
1035 642 1172 713 quoque
1191 619 1351 690 bonorum
1368 641 1408 691 et·

372 755 439 826 que
459 731 589 824 imperii
609 752 698 821 aeger
716 731 869 798 instituit.
891 729 1018 799 Eadem
1038 729 1236 813 defuncta³,
1252 730 1408 825 justitium

371 840 507 908 indixit:
524 843 559 906 in
573 863 642 935 quo
653 841 787 923 risisse,
800 841 938 923 lavisse,
953 866 1103 912 coenasse
1118 866 1197 911 cum
1208 844 1409 936 parentibus,

371 968 432 1018 aut
452 948 595 1044 conjuge
618 950 793 1035 liberisve,
816 953 937 1048 capital
960 953 1054 1022 fuitl.
1078 961 1126 1023 Ac
1145 957 1295 1022 moeroris
1317 957 1412 1049 impe-

326 1053 331 1063 ’
372 1063 498 1144 tiens⁵,
523 1087 632 1156 quum
658 1079 797 1156 repente
822 1081 993 1161 noctuque
1018 1065 1220 1159 profugisset
1243 1068 1285 1134 ab
1306 1065 1411 1148 Urbe,

372 1177 737 1269 transcucurrissetque
758 1179 995 1268 Campaniam,
1017 1180 1198 1270 Syracusas
1218 1179 1329 1270 petiit;
1346 1201 1413 1243 rur·

373 1310 499 1380 susque
518 1285 597 1353 inde
615 1310 760 1380 propere
777 1286 891 1368 rediit,
907 1288 1012 1356 barba
1033 1289 1224 1385 capilloque
1244 1291 1412 1382 promisso.

372 1399 441 1464 Nec
453 1419 604 1491 unquam
615 1415 732 1489 postea
744 1401 1019 1493 quantiscunque
1030 1399 1073 1468 de
1085 1400 1204 1483 rebus,
1218 1425 1262 1468 ne
1274 1425 1334 1492 pro
1346 1424 1415 1467 con·

373 1508 468 1574 cione
479 1503 616 1600 quidem
628 1505 745 1598 populi
756 1560 764 1590 ,
776 1524 836 1574 aut
849 1506 941 1601 apud
952 1508 1092 1594 milites,
1110 1513 1175 1578 nisi
1195 1535 1282 1602 uper
1297 1533 1416 1578 numen

315 1691 320 1698 ,
373 1616 553 1686 Drusillaev
584 1613 778 1708 dejeravit⁶.
807 1618 967 1714 Reliquas
994 1644 1127 1690 sorores
1152 1643 1217 1688 nec
1244 1618 1416 1714 cupiditate

372 1825 402 1874 L.
418 1825 522 1877 Cassius
534 1835 628 1894 postea
640 1824 706 1875 Asia
720 1826 875 1894 preelectus,
957 1827 982 1880 5.
1005 1828 1046 1883 Ac
1063 1830 1178 1882 moeroris
1197 1827 1351 1900 impatiens,
1371 1836 1416 1876 etc.

370 1907 447 1974 jussu
462 1904 517 1955 Caii
533 1905 560 1954 in
577 1900 687 1954 vinculis
701 1903 812 1956 Romam
827 1903 876 1956 de·
921 1905 1013 1959 Senec.
1026 1907 1134 1962 Consul.
1149 1905 1184 1959 ad
1195 1906 1288 1979 Polyb.
1303 1924 1361 1976 cap.
1372 1902 1418 1954 36:

374 1979 484 2045 ductus,
495 1993 607 2032 mortem
618 1983 716 2032 evasit:
729 1981 795 2045 Dio,
804 1981 875 2048 th,
924 2008 936 2032 ι
946 1987 975 2038 C.
984 1988 1080 2052 Caesar,
1090 1986 1187 2040 amissa
1196 1978 1418 2038 sororeDrusille,

376 2079 424 2130 29,
440 2061 487 2113 ubi
500 2061 637 2131 scriptoris
651 2059 693 2111 vel
709 2060 801 2112 scribe
813 2064 876 2114 vitio
921 2065 944 2118 is
966 2064 1069 2131 bomo,
1089 2065 1136 2135 qui
1156 2083 1212 2116 non
1235 2064 1317 2132 magis
1335 2058 1420 2112 dolere

374 2140 877 2214 Caiusdicitur.Videlleimar.adbunc
924 2142 1420 2216 quamgaudereprincipaliterposset,

374 2223 463 2275 locum
475 2235 538 2293 post
547 2219 694 2291 Glandorp.
705 2222 803 2275 Ouum.
815 2241 877 2294 pag.
924 2236 1097 2293 conspectum
1107 2222 1385 2290 conversationemque
1392 2218 1421 2267 ci-

377 2301 443 2366 ²05,
458 2316 485 2354 et
496 2301 616 2372 Lipsium
634 2299 667 2352 ad
681 2303 766 2353 Tacit.
781 2301 877 2356 Annal.
922 2302 995 2353 vium
1007 2319 1117 2353 suorum
1131 2300 1268 2370 profugit,
1283 2296 1423 2366 exsequiis·

375 2384 424 2446 Vl,
438 2382 486 2447 15,
499 2378 679 2449 disputantem
694 2395 788 2433 contra
800 2385 879 2434 Pom·
924 2381 1142 2452 quecororissute
1149 2397 1203 2431 nou
1215 2378 1349 2443 interfuit,
1355 2379 1423 2448 justu

375 2460 503 2534 ponium,
518 2459 636 2530 quicum
649 2457 679 2510 C.
693 2458 798 2526 Cassio,
811 2459 880 2512 cele·
924 2463 1009 2513 sorori
1018 2479 1072 2512 non
1085 2459 1217 2530 prestitit,
1230 2457 1313 2510 sedin
1324 2453 1423 2508 Albano

375 2541 417 2594 bri
426 2538 637 2613 jurisconsulto,
651 2552 770 2590 nostrum
784 2540 880 2592 coufu-
924 2557 973 2592 suc
987 2541 1091 2591 tesseris
1108 2557 1139 2590 ac
1156 2539 1236 2605 foro,
1256 2550 1283 2589 et
1298 2552 1424 2609 provoce-

313 2623 318 2633 ‘
376 2621 424 2673 dit.
435 2619 475 2673 Cf.
488 2621 587 2685 ΒΑΜ,
599 2617 732 2671 Dictionu.
744 2618 844 2672 Hister.
856 2630 881 2671 et
924 2619 957 2669 tis
968 2616 1122 2688 hujusmodi
1135 2614 1192 2669 aliis
1205 2612 1423 2688 occupationibus

379 2702 442 2755 crit.
456 2698 507 2752 sub
523 2699 620 2752 Cassius
633 2697 774 2771 longinus.
926 2697 1088 2750 acerbissimi
1101 2698 1201 2748 funeris
1216 2695 1321 2748 levabat
1331 2693 1424 2746 mala...

413 2781 439 2834 3.
458 2779 558 2832 Eadem
579 2778 718 2850 defuncta,
738 2791 790 2830 etc.
811 2781 879 2831 Anu.
923 2776 997 2828 ldem
1012 2776 1057 2828 ille
1070 2776 1150 2828 Caius
1163 2776 1265 2828 furiosa
1277 2775 1425 2827 inconstan-

379 2877 439 2931 791.
450 2857 520 2910 Vide
531 2859 610 2909 Dion.
622 2857 692 2923 mx,
710 2873 750 2922 11,
760 2855 880 2911 decretos
925 2857 970 2920 tia,
978 2853 1363 2926 modobarbamcapillumque
1371 2849 1426 2904 sub·

378 2954 488 2993 mortuae
497 2957 513 2990 a
522 2939 602 2989 fratrc
613 2935 727 2987 honores
739 2936 796 2988 fuse
806 2954 882 2987 enar·
926 2937 1046 3001 mittens,
1054 2933 1136 2985 modo
1145 2933 1266 2986 ltaliaeec
1274 2932 1426 2985 Sicilireoras

379 3033 489 3074 cantem.
602 3051 605 3058 ,
926 3011 1093 3066 errabundus
1115 3014 1293 3084 permetiens,
1314 3025 1340 3064 et
1360 3027 1426 3060 nun·

415 3101 441 3167 4.
456 3094 562 3170 Capitol
566 3094 631 3167 fuit.
643 3095 718 3146 Hanc
730 3094 883 3146 Memmiuni
927 3089 1006 3164 quant
1027 3095 1089 3145 satis
1110 3107 1212 3158 certus,
1235 3105 1326 3145 utrum
1346 3090 1427 3160 lugeri

380 3173 883 3249 etoptimorumCodd.lectiouemcom·
926 3170 1022 3238 vellet,
1043 3189 1077 3222 an
1099 3170 1151 3223 coli
1176 3190 1308 3223 sororem.
1331 3168 1428 3222 Eodem

379 3257 528 3329 probarunt
535 3255 618 3306 Graev.
627 3250 802 3322 Oudendorp.
811 3249 884 3301 Wol·
927 3253 995 3304 enim
1004 3265 1139 3323 tempore,
1150 3269 1204 3321 quo
1213 3249 1314 3322 temple
1321 3250 1360 3302 illi
1367 3266 1429 3301 cou-

380 3329 611 3404 fius.Al.capitale.
619 3332 657 3382 De
665 3343 779 3400 utraque
787 3330 882 3396 forma,
927 3330 1054 3384 stituebat
1072 3349 1102 3382 ac
1122 3330 1291 3402 pulvinaria,
1307 3348 1369 3398 eos,
1386 3328 1429 3398 qui

379 3415 415 3468 cf.
427 3409 650 3486 praterOudend.
659 3409 772 3461 adhunc
781 3410 882 3473 locum,
927 3428 1020 3482 parum
1029 3412 1113 3461 ruoesti
1121 3411 1241 3476 fueraut,
1252 3407 1430 3462 crudelissime

379 3491 524 3548 Tzschuck.
537 3490 570 3542 ad
582 3488 696 3555 Melam,
709 3490 736 3555 l,
750 3506 780 3558 9,
793 3505 818 3557 7.
832 3487 883 3540 Ge·
927 3488 1058 3542 alliciebat
1069 3487 1311 3541 animadversione.
1322 3514 1334 3537 ι

380 3591 480 3639 terum,
491 3571 628 3642 eleganter
637 3571 687 3627 Dio
698 3567 882 3620 conditionem
963 3567 988 3616 6.
1008 3567 1066 3618 Nisi
1077 3584 1127 3638 per
1141 3585 1240 3619 numen
1252 3566 1376 3621 Dmst'lloe
1388 3566 1430 3618 de·

380 3655 485 3707 illorum
495 3667 643 3720 temporum
653 3647 881 3719 paucisexplicat:
922 3647 1025 3718 jeravr't.
1038 3645 1116 3716 Vulg.
1130 3665 1240 3711 nomen,
1255 3647 1303 3700 sed
1314 3647 1380 3698 illud
1392 3665 1432 3697 re·

381 3733 448 3786 alios
463 3733 533 3784 enim
547 3729 627 3780 luisse
639 3741 793 3792 accusatos,
808 3723 883 3798 quod
927 3729 1003 3778 etius.
1021 3728 1089 3778 Num
1105 3738 1285 3797 preterquam
1303 3725 1376 3799 quod
1392 3725 1432 3777 di·

382 3831 439 3864 eam
464 3829 518 3862 non
537 3808 678 3880 lugerent,
699 3804 727 3861 ὥς
747 3805 882 3874 autperti,
929 3806 993 3857 riuis
1013 3823 1070 3856 eam
1089 3804 1189 3875 ubique
1209 3805 1363 3860 honoribus
1381 3804 1432 3858 coli

383 3909 465 3963 quum
476 3901 543 3940 esset
555 3886 652 3948 homo,
666 3884 748 3950 alios,
762 3883 835 3957 quod
847 3884 884 3935 lu·
927 3883 1008 3934 Caius
1014 3883 1108 3951 jussit,
1121 3901 1151 3933 ae
1161 3886 1259 3935 Veneri
1272 3886 1431 3958 exaequavit,

382 3982 490 4040 gerent,
508 3965 538 4022 οἷς
557 3961 618 4026 loir,
638 3984 718 4037 quum
739 3978 807 4017 esset
824 3963 882 4016 deu.
930 3965 1076 4018 Pantlream
1096 3979 1217 4016 vocatam
1236 3967 1322 4019 fuisse
1345 3965 1434 4020 scribit

382 4047 485 4103 Deinde
496 4044 646 4117 exemplum
659 4044 781 4114 subjicit;
793 4045 885 4116 impie·
929 4046 992 4112 nio,
1003 4045 1215 4116 imperatumque
1224 4046 1394 4112 mulieribus,
1405 4057 1434 4097 ut

382 4133 444 4185 tntis
454 4131 608 4183 arcessitum
617 4128 713 4194 fuisse,
725 4138 751 4178 et
760 4127 884 4198 periisse,
929 4123 1278 4195 eam,tenquem.lunonem
1286 4124 1434 4190 scilicet,in

383 4212 428 4283 qui
439 4207 553 4261 calidam
566 4204 737 4258 vendidisset.
929 4215 1063 4274 posterum
1073 4205 1201 4272 jurarent.
