3068 5144
484 589 762 657 VITELLIUS.
1081 590 1141 656 311

5 739 6 742 ¹
101 713 319 784 abhorrentes
334 713 500 810 quosdam
511 713 713 794 cadaverum
726 715 854 799 tabem,
868 715 1055 784 detestabili
1069 741 1150 785 voce

100 825 299 894 confirmare
310 849 413 895 ausus
426 844 477 896 est
490 853 498 893 :
517 827 675 919 cOptime
686 825 776 894 olere
789 830 938 894 occisum
951 829 1100 909 hostem,
1115 845 1151 896 et

100 935 221 1031 melius
239 940 383 1006 civem.»
406 943 475 1006 Nec
493 962 533 1006 eo
552 941 661 1006 secius
680 937 724 1005 ad
742 936 932 1006 leniendam
951 943 1148 1031 gravitatem

4 1037 5 1110 ζ
101 1045 213 1115 odoris
231 1047 417 1140 plurimum
436 1053 519 1119 meri
538 1049 714 1142 propalam
734 1049 865 1133 hausit,
885 1054 1079 1146 passimque
1097 1051 1148 1117 di-

100 1161 186 1226 risit.
216 1163 290 1228 Pari
314 1163 582 1255 vanitatemque
604 1159 782 1228 insolentia
805 1157 966 1254 lapidem,
987 1163 1150 1228 Memoriae

100 1270 235 1338 Othonis
263 1271 499 1365 inscriptum⁸,
521 1274 674 1354 intuens,
696 1270 859 1364 “dignum
883 1297 923 1340 eo
945 1271 1142 1341 Mausoleo·

101 1383 165 1449 ait:
180 1385 447 1479 pugionemque,
460 1407 529 1477 quo
540 1385 569 1452 is
580 1407 618 1450 se
630 1380 812 1462 occiderat,
821 1386 856 1451 in
870 1386 1147 1476 Agrippinensem

100 1489 267 1560 coloniam
284 1496 391 1576 misit,
404 1495 505 1561 Marti
521 1492 756 1562 dedicandum.
772 1498 811 1560 ln
830 1495 997 1587 Apennini
1011 1493 1148 1588 quidem

3 1633 4 1702 q
96 1596 188 1692 jugis
202 1605 303 1670 etiam
315 1603 527 1696 pervigilium
542 1606 618 1695 egit.

2 1809 3 1818 q
145 1715 205 1780 Xl.
225 1714 353 1783 Urbem
371 1715 517 1811 denique
535 1715 577 1783 ad
595 1713 772 1784 classicum
789 1718 934 1784 introiit¹
950 1713 1146 1809 paludatus,

2 1836 3 1888 ξ
100 1819 259 1917 ferroque
277 1827 483 1906 succinctus,
503 1827 590 1893 inter
608 1828 702 1917 signa
720 1843 821 1920 atque
838 1824 973 1907 vexilla,
988 1825 1147 1916 sagulatis

1 1962 3 2018 ζ
100 1935 295 2018 comitibus,
308 1961 348 2004 ac
357 1937 495 2006 detectis
505 1938 771 2007 commilitonum
783 1943 896 2007 armis.
909 1942 1015 2031 Magis
1025 1939 1148 2007 deinde

2 2093 3 2118 ,
99 2067 137 2110 ac
149 2050 256 2137 magis
268 2050 361 2115 omni
375 2048 488 2116 divino
504 2049 721 2143 humanoque
735 2047 809 2142 jure
824 2049 991 2140 neglecto,
1011 2048 1146 2116 Alliensi

1 2165 2 2190 ¹
99 2151 174 2223 die²
188 2158 422 2249 pontificatum
439 2162 622 2227 maximum
637 2163 726 2252 cepit
739 2187 746 2226 :
761 2161 893 2227 comitia
907 2163 941 2226 in
956 2159 1070 2226 decem
1085 2183 1145 2226 an-

98 2289 159 2332 nos
180 2265 383 2351 ordinavit³,
404 2292 508 2364 seque
528 2286 728 2362 perpetuum
752 2268 943 2341 Consulem.
968 2273 1010 2334 Et
1028 2292 1071 2335 ne
1089 2270 1143 2336 cui

1 2443 2 2482 l
98 2459 597 2516 staurabatsaerumlliialcci.»Conl.
641 2465 714 2516 XVll
725 2463 784 2516 Kal.
798 2463 886 2516 Sextil.
902 2483 982 2534 quum
998 2463 1076 2518 etiam
1087 2463 1146 2520 niv.

1 2553 2 2598 l
98 2537 326 2608 Xipbil.LllV,r.
642 2543 694 2608 VI,
714 2545 840 2608 aarum
858 2541 891 2594 de
905 2541 998 2594 diebus
1015 2540 1142 2612 religiosis

1 2671 2 2688 ,
131 2617 156 2669 8.
176 2619 302 2691 Lapidem
310 2657 319 2684 ,
336 2621 472 2676 Memoria
489 2621 599 2674 Othonis
642 2623 734 2690 agitari
744 2635 874 2692 coeptum,
884 2620 1008 2691 diemque
1018 2639 1042 2672 a.
1055 2619 1081 2672 d.
1094 2621 1143 2673 XV

1 2707 2 2774 ,
98 2695 262 2766 inemptum,-
272 2697 324 2749 boc
334 2711 373 2752 est
384 2713 597 2764 monumentum,
642 2701 700 2752 Kal.
716 2701 786 2756 Sext.
804 2700 904 2772 duplici
922 2698 996 2750 elude
1015 2700 1142 2767 insignem

99 2776 167 2848 quod
186 2779 291 2830 Brixelli
312 2779 454 2833 sevidisse
480 2783 515 2833 ait
535 2779 598 2832 Plu·
642 2779 711 2852 (quc
723 2780 766 2833 die
778 2779 812 2834 ad
825 2781 971 2832 Cremeram
985 2778 1059 2830 Fabii
1071 2781 1147 2851 cusi,

1 2867 2 2915 ἶ
99 2856 177 2908 torcb.
193 2857 296 2910 Otbon.
313 2859 352 2910 18.
643 2879 697 2929 quo
716 2859 812 2912 deinde
830 2859 863 2912 ad
879 2860 973 2915 Alliam
986 2878 1048 2911 eum
1062 2861 1142 2911 exitio

129 2935 173 2985 tlt.
190 2953 212 2988 r.
229 2937 352 2989 Urbem...
364 2935 400 2987 ad
412 2934 544 2990 classicum
556 2937 597 2988 in·
641 2939 720 2991 Urbis
737 2939 806 2991 foede
823 2937 1000 3010 pugnatum),
1015 2955 1032 2989 a
1050 2952 1142 3009 poste-

99 3017 179 3081 trciit,
196 3027 247 3067 etc.
263 3015 361 3067 Contra
376 3017 459 3066 Tacit.
477 3016 542 3067 Hist.
559 3018 582 3066 ll
588 3054 596 3082 ‚
642 3021 710 3071 ricre
722 3017 797 3070 clade
808 3017 948 3070 Alliensem
962 3015 1142 3088 appellarunt,

99 3091 142 3162 89,
159 3097 241 3165 -lpse
253 3094 390 3161 Vitellius,
406 3114 420 3148 a
437 3107 520 3166 ponte
534 3095 596 3147 Mil·
642 3099 825 3168 insignemque
839 3099 876 3148 rei
889 3095 954 3147 nulli
968 3095 1074 3166 publice
1088 3097 1144 3167 pri-

99 3176 150 3240 ric,
161 3176 258 3246 insigni
266 3194 350 3246 equo,
359 3174 500 3246 paludatus
509 3177 597 3228 aecin-
640 3177 774 3246 ratimque
785 3173 891 3245 agendae
903 3174 1031 3226 lecerunt.
1042 3199 1052 3222 ι
1065 3175 1104 3227 De
1114 3193 1143 3226 re

1 3285 2 3324 q
99 3267 222 3325 etasque,
231 3256 355 3308 Senatum
364 3254 596 3325 etPcpulumante
641 3267 732 3305 nostra
743 3255 827 3305 Tacit.
842 3255 906 3306 Hist.
919 3255 956 3316 ll,
973 3271 1003 3322 9¹
1016 3275 1023 3304 ι
1041 3253 1143 3325 aApud

99 3353 125 3386 se
134 3353 227 3406 agens,
239 3355 293 3408 quo
303 3337 389 3388 minus
400 3347 427 3386 ut
436 3348 539 3407 captam
546 3339 598 3388 Ur·
641 3334 788 3398 civitatem,
800 3345 895 3384 cuncta
903 3333 1142 3411 interpretantem,

98 3412 155 3466 bem
168 3414 362 3485 ingrederetur,
376 3417 521 3466 amicorum
537 3434 598 3468 con—
642 3413 738 3463 funesti
754 3413 850 3464 ominis
864 3411 924 3462 loco
937 3424 1077 3483 acceptum
1089 3427 1143 3479 est,

99 3492 152 3545 attio
164 3493 320 3559 detentam,
334 3509 419 3546 sumu
432 3508 556 3565 praetexta
572 3509 597 3548 et
642 3490 728 3562 quod,
745 3492 886 3542 maximum
899 3489 1082 3562 pontificatum
1097 3491 1143 3543 ad-

1 3577 2 3594 *
99 3575 245 3644 composito
260 3575 364 3643 agmine
375 3573 597 3626 incessit.nVide
642 3570 867 3639 eptus,Vitellius
879 3568 913 3621 de
927 3570 1076 3628 cerimoniis
1091 3589 1142 3642 pu·
1203 3619 1206 3627 ,

100 3663 163 3704 ucat.
175 3653 264 3705 Taciti
274 3665 329 3703 not.
344 3665 364 3704 t.
377 3653 423 3717 lll,
436 3672 462 3722 p.
477 3651 535 3718 alo.
548 3654 595 3704 Ec.
642 3648 715 3700 blicis
736 3650 782 3700 XV
796 3650 854 3701 Kul.
871 3653 981 3720 August.
1002 3649 1142 3714 edixisset,

134 3748 156 3782 a.
174 3729 290 3783 Alliensi
302 3730 357 3792 die,·
373 3731 420 3781 XV
434 3729 492 3784 Kal.
508 3730 596 3783 Sextil.
642 3730 787 3799 antiquitus
797 3730 914 3780 infausto
927 3727 970 3781 die
979 3730 1142 3782 Cremerensi

1 3803 2 3848 l
99 3807 136 3876 (a.
163 3811 193 3862 18
218 3807 307 3880 lul),
333 3828 386 3879 quo
412 3810 463 3861 fusi
491 3810 597 3862 fuerant
640 3805 802 3878 Alliensique
817 3806 955 3858 cladibus:
973 3806 1040 3858 adeo
1056 3810 1142 3859 omnis

1 3921 2 3924 =
98 3888 205 3940 Romani
219 3889 254 3940 ud
265 3889 362 3940 llurnen
374 3888 485 3952 Alliam,
498 3888 532 3941 de
544 3907 596 3959 qna
640 3885 750 3938 humaui
758 3887 890 3958 divinique
896 3887 960 3956 juria
969 3903 1074 3956 expers,
1083 3888 1143 3956 pari

1 3985 2 4014 f
100 3963 169 4016 clade
185 3965 246 4017 ride
260 3967 315 4016 Liv.
329 3971 362 4030 V,
382 3968 416 4036 37
431 3983 486 4038 seq.
500 3969 539 4018 De
554 3969 595 4018 die
641 3966 1141 4038 libertorumamicorumque-socordia,

99 4055 152 4096 atra
158 4043 272 4098 Alliensi
278 4045 337 4098 vide
347 4049 437 4098 Rosia.
447 4049 506 4098 Ant.
516 4050 594 4099 Rorn.
639 4048 712 4099 velut
723 4050 793 4101 inter
805 4047 963 4100 temulentos
978 4046 1080 4116 agebat.
1092 4067 1102 4092 ι

1 4123 2 4132 ’
98 4123 426 4194 lV‚n,pag.285,quem
441 4125 595 4177 mirorcum
677 4129 701 4180 3.
724 4127 862 4179 Comitia...
876 4127 1013 4180 ordinavit.
1027 4125 1065 4176 De
1076 4143 1143 4175 con·-

1 4245 2 4250 ,
99 4199 596 4272 aliis,quidainstitutisllomauorum
641 4208 859 4275 sulatibus,cum
870 4209 981 4260 maxima
992 4205 1096 4257 lieentia
1107 4206 1141 4257 ab

1 4279 2 4360 ,
100 4281 342 4354 scripsernemlicm
348 4283 490 4338 Alliensem
496 4302 596 4356 ponere
642 4306 673 4339 ec
686 4286 767 4354 datis,
779 4287 837 4340 vide
848 4288 932 4339 Tacit.
943 4287 1039 4338 Hister.
1052 4288 1088 4350 ll,
1098 4301 1140 4356 γι.
