3076 5146
482 575 789 640 FRAGMENTA.

267 797 445 877 Charisius,
459 796 540 862 Inst.
555 794 693 874 Gramm.
710 794 764 859 lib.
779 795 831 876 II,
843 818 919 886 paq.
938 789 1012 862 180.

160 987 245 1051 Istoc
259 983 367 1049 vilius.
384 986 454 1048 Rex
469 983 527 1076 qui
543 978 685 1048 vocabat
700 977 744 1048 ad
759 970 910 1066 coencm,
930 983 959 1048 si
978 979 1042 1049 sihi
1055 1006 1094 1049 ea
1110 1007 1164 1052 res

116 1092 305 1164 exhibenda
327 1091 545 1174 indiceretur,
567 1117 670 1188 quam
693 1088 850 1160 exhibere
870 1115 941 1160 non
960 1109 1091 1186 posset,
1114 1117 1168 1159 re-

117 1205 273 1300 spondit,
288 1221 327 1273 ut
339 1201 557 1300 Tranquillus
575 1203 692 1316 refert,
716 1207 810 1272 alsto
825 1201 925 1271 vilius
937 1202 1085 1273 hominis
1102 1207 1166 1273 erit

117 1339 223 1384 coena.
236 1347 250 1378 n

316 1540 505 1622 Eussathius
519 1544 554 1606 in
568 1539 679 1630 Odyss.
694 1533 765 1628 ῥαψ,
780 1561 817 1627 Α,
829 1564 876 1606 vs.
896 1541 968 1618 106.

171 1713 254 1812 ὁδε
270 1731 322 1813 τὰ
337 1731 428 1841 περὶ
447 1717 668 1825 Ἑλληνικῆς
686 1731 853 1826 ααυλιας
871 1733 1055 1839 γράψας,
1076 1731 1163 1810 (λια-

117 1856 252 1966 φορὰν
275 1856 347 1938 καὶ
371 1855 497 1951 αὐτὸς
517 1854 629 1952 εἰδὼς
652 1857 782 1956 κύβον
803 1856 876 1936 καὶ
898 1865 1067 1953 πεσσῶν,
1093 1855 1165 1936 καὶ

115 1981 395 2072 παλαιοτάτην
418 1981 532 2063 εἰπὼν
550 1981 620 2075 τὴν
637 1979 866 2083 κυβιστιυὴν
884 1981 1068 2074 παιδιάν,
1088 2001 1164 2058 αα-

110 2106 233 2212 Ιράγει
251 2104 513 2214 Σοφοκλέους
533 2107 601 2210 μὲν
621 2110 666 2186 ἐκ
685 2107 989 2209 Παλαμήδους,
1011 2103 1165 2208 ὁμωνύ-

93 2255 98 2264 ·
117 2254 204 2331 μου
228 2233 279 2333 τῷ
297 2228 397 2337 sicci
415 2227 626 2338 ὁράματος
644 2230 704 2312 τό·
730 2217 1059 2337 Ἐκεῖνοςέφευρο
1075 2248 1165 2308 πεσ-

117 2349 237 2449 αούς,
255 2351 411 2453 κύβους
422 2376 464 2432 τε
476 2351 642 2461 τερπνὸν
654 2356 801 2463 ἀργίας
815 2349 927 2445 ἄκος.
943 2350 1015 2432 καὶ
1030 2355 1166 2461 Εὐφο-

120 2477 264 2583 ρίονος
275 2478 340 2558 τό·
360 2476 499 2558 Πεασὰ
516 2473 803 2560 Ναυπλιάδαο.
825 2475 928 2581 λέγει
942 2477 985 2557 δὲ
997 2476 1089 2576 καὶ,
1104 2503 1166 2556 etc

115 2717 189 2786 Hoc
216 2729 394 2811 excerptum
421 2742 460 2783 ex
488 2718 567 2784 libro
596 2717 665 2785 MS.
695 2720 733 2784 de
760 2719 885 2784 Natura
905 2719 1030 2784 Rerum
1058 2717 1168 2783 retulit

435 2827 559 2896 Osonio
575 2829 645 2896 lac.
662 2829 850 2896 Gronovius.

76 3082 79 3090 .
165 3027 216 3090 De
228 3021 385 3091 omuibus
399 3023 554 3089 merisne
564 3019 745 3099 fluminum
760 3026 797 3090 in
811 3024 916 3116 pratis
929 3025 966 3088 in
981 3020 1167 3089 Annalibus

117 3131 340 3227 'l'renquillus
353 3135 401 3200 sic
416 3135 482 3200 ait:
500 3148 689 3201 extremum
702 3157 795 3201 mare
811 3135 981 3216 Oceanus3
995 3134 1167 3200 internum

117 3241 268 3325 medius,
288 3242 380 3337 quod
401 3266 443 3310 ex
459 3245 593 3311 Oceano
611 3239 698 3310 fluit.
718 3245 908 3336 Supernum
926 3258 960 3311 et
976 3242 1167 3324 infernum,

118 3352 244 3447 quibus
257 3353 351 3422 Italia
364 3352 511 3421 alluitur.
524 3357 574 3420 Ex
585 3352 638 3422 his
650 3377 813 3447 superum
824 3371 857 3422 et
868 3353 1077 3422 Adriaticum
1087 3352 1169 3422 dici·

116 3481 176 3532 tur
190 3479 224 3532 et
236 3469 386 3534 Tuscum
398 3465 556 3533 inferum.
577 3470 713 3534 Fretum
725 3482 909 3560 angustum
920 3469 1017 3560 quasi
1035 3466 1167 3534 fervens

118 3601 229 3661 mare,
239 3593 272 3646 et
281 3577 430 3647 Siculum
441 3594 474 3646 et
482 3575 686 3646 Gaditanum
697 3582 782 3666 (MS.
795 3578 1032 3666 Gaditianum).
1045 3583 1169 3646 AEssua-

117 3689 171 3754 ria
187 3703 267 3755 sunt
280 3689 408 3770 omnia,
426 3713 488 3782 per
500 3713 576 3784 quae
587 3712 680 3756 mare
693 3690 841 3757 vicissim
855 3704 930 3756 tum
941 3687 1069 3757 accedit
1081 3689 1166 3776 (MS.

119 3799 267 3887 occidit),
286 3816 359 3867 tum
380 3800 517 3869 recedit.
539 3799 652 3869 Altum
672 3803 809 3893 proprie
830 3824 923 3869 mare
946 3798 1166 3895 profundum.

119 3912 215 3980 Vada
228 3915 310 3999 (MS.
323 3918 421 4005 vaqa)
433 3967 441 3996 ‚
459 3913 582 4008 quibus
593 3915 629 3980 in
640 3916 726 3981 man'
737 3927 849 4006 potest
862 3916 958 3997 steri,
973 3933 1050 4007 quae
1061 3911 1169 4002 Virgi-

119 4023 187 4092 lius
207 4023 321 4092 breviu
344 4023 507 4119 appellat,
532 4047 609 4120 quae
631 4023 748 4095 eedem
771 4027 879 4093 Graeci
900 4021 1047 4091 brachis.
1069 4022 1168 4090 Sinus

120 4131 267 4228 majores
283 4159 436 4206 recessus
453 4139 556 4205 muris
572 4135 742 4223 dicuntur,
761 4152 801 4204 ut
814 4137 972 4230 Caspius,
989 4129 1166 4216 Arabicus,

121 4243 277 4318 Indicus:
295 4248 439 4344 majores
451 4266 563 4318 autem
575 4246 707 4344 anguli,
724 4249 1166 4330 utraestanus,s1atrestae,
