3076 5146
423 553 674 622 EXCURSUS
698 555 800 620 VIII.
1072 561 1138 642 485

87 696 134 734 sut
145 681 280 735 scribebat
289 681 443 746 Suetonius,
456 679 503 733 sed
514 678 617 732 tubulas
626 679 762 753 publicas,
775 699 886 753 quarum
896 683 1001 752 copiam
1010 701 1140 738 summam

85 761 221 826 habebat,
232 762 402 829 consulebat,
410 773 436 812 et
445 760 508 813 hinc
518 763 544 812 in
555 761 764 814 Commentarios
775 780 838 814 suos
847 764 995 834 precipua,
1009 783 1024 816 a
1034 768 1141 820 Nerone

86 847 253 910 constituta,
269 843 407 897 referebat.
423 842 451 894 Si
466 842 541 894 alitor
555 844 624 912 egit,
640 842 708 894 mala
722 843 830 896 functus
846 856 885 895 est
901 842 1021 896 historici
1034 845 1140 915 officio,

87 923 164 994 qnod
177 923 254 976 nullo
265 919 345 975 modo
358 921 537 993 credipotest.
547 921 661 974 Jamilla
672 920 842 994 reprehensio
853 923 936 974 multo
947 926 981 976 sit
992 924 1140 994 absurdior,

87 1005 110 1056 si
127 1005 293 1074 cogitemus,
307 1002 378 1055 uude
393 1022 423 1054 ea
440 1000 520 1053 ducta
537 1003 578 1054 sit.
596 1003 700 1072 Nempe
713 1014 766 1053 tota
781 1016 963 1056 commovetur
979 1023 993 1056 e
1010 1007 1141 1076 DigestIe,

86 1083 143 1135 hoc
154 1097 205 1150 est,
214 1103 269 1136 non
279 1104 294 1135 e
305 1081 408 1156 legibus
419 1095 445 1133 et
456 1080 548 1134 litterIs
559 1081 687 1154 publicis,
700 1080 747 1135 sed
759 1101 773 1133 e
785 1081 858 1135 libris
868 1096 983 1136 veterum
993 1087 1057 1138 Jurc
1069 1087 1142 1140 Con·

87 1161 231 1214 snItorum.
246 1162 311 1230 Quae
326 1174 414 1214 autern
431 1161 481 1212 ista
500 1162 625 1232 iniquitas
645 1173 670 1212 ct
686 1161 788 1212 inscitia
805 1175 860 1227 est,
873 1163 936 1214 Iure
953 1163 1141 1216 Consultornm

86 1240 304 1294 Commentarios
319 1241 352 1293 de
368 1243 429 1311 jure
447 1258 585 1311 opponere
599 1238 731 1291 historicis
750 1241 777 1291 in
796 1240 875 1292 rebus
894 1240 1035 1296 historicis.
1055 1247 1097 1297 An
1112 1244 1141 1298 bi

87 1331 153 1370 sunt
168 1318 290 1370 homines
306 1321 363 1382 isti,
380 1319 462 1390 quiin
478 1317 556 1369 rebus
569 1317 701 1369 historicis
711 1317 772 1388 plus
785 1317 846 1371 fidei
857 1317 989 1387 habeant,
1001 1341 1079 1395 quam
1090 1324 1142 1394 ipsi

86 1397 228 1467 historici,
240 1412 265 1450 et
275 1400 293 1449 ii
305 1397 412 1471 quidem
422 1396 632 1468 diligentissimi·
643 1400 712 1468 Ergo
726 1396 877 1467 Sleidanos,
889 1400 1029 1469 Tbuanos,
1044 1404 1142 1455 Poleo-

87 1476 210 1543 dorfios,
227 1478 361 1550 aliosque,
379 1480 497 1550 quamvis
518 1478 633 1548 insignes
649 1474 807 1545 historicos,
824 1480 951 1530 memoria
966 1478 1056 1551 lapsos
1070 1481 1142 1534 dice-

86 1576 167 1624 mus,
177 1559 200 1609 si
211 1560 300 1630 quain
313 1576 343 1631 re
349 1556 475 1610 historica
485 1556 519 1608 ab
530 1559 561 1609 iis
574 1557 729 1608 dissentiant
737 1558 802 1608 lure
812 1557 945 1625 Consulti,
956 1560 1142 1630 Finlrelthusii,

87 1636 302 1704 SchneideuiuI,
315 1637 455 1690 'I'reutleri
470 1640 553 1689 Immo
569 1655 632 1688 vero
649 1637 711 1687 Iure
724 1635 847 1689 Consulti
862 1657 893 1690 ex
906 1637 1037 1692 historicis
1053 1659 1143 1692 emen·

87 1717 174 1769 dandi
191 1731 217 1772 et
228 1717 405 1791 redarguendi
416 1731 493 1784 sunt,
508 1736 561 1769 non
575 1717 603 1768 hi
614 1737 644 1770 ex
657 1717 715 1769 iltis.
728 1719 798 1788 Ergo
810 1718 850 1770 vel
866 1719 904 1770 sIc
919 1731 1003 1772 totum
1019 1721 1089 1774 istud
1101 1741 1142 1774 re·

86 1799 301 1870 preltensionum
312 1818 396 1871 genus
406 1798 530 1851 concidit.
542 1801 655 1860 Verum,
669 1801 796 1870 quoniam
810 1801 890 1869 prisci
899 1799 937 1850 illi
948 1802 963 1852 J
967 1821 1011 1852 ure
1021 1801 1143 1864 Consulti

87 1876 254 1950 plerumque
273 1878 444 1932 studiosiores
466 1879 610 1930 litterarum
631 1891 657 1930 et
677 1876 810 1930 doctiores
833 1892 923 1944 erant,
946 1900 1024 1953 quam
1043 1885 1144 1950 nostri,

86 1975 198 2028 :equum
211 1970 266 2024 est,
279 1960 343 2029 ipsis
357 1977 463 2030 qnoque
474 1957 593 2024 consuli,
608 1955 697 2030 quoad
709 1955 766 2007 fieri
777 1969 874 2028 potest.
888 1961 953 2010 Dico
966 1961 1068 2031 itaque,
1082 1961 1144 2014 talia

87 2035 169 2101 loca,
190 2048 272 2109 atque
291 2041 445 2090 nominatim
459 2036 530 2103 hac,
545 2035 578 2089 de
597 2037 694 2108 quibus
709 2055 813 2105 sermo,
828 2037 966 2089 conciliari
983 2059 1063 2111 posse
1082 2061 1144 2093 cum

87 2116 159 2191 Iocis
170 2120 236 2171 Iure
250 2118 438 2172 Consultorurn
451 2120 666 2191 interpretatione
678 2116 828 2170 commoda.
843 2119 882 2170 Ea
894 2119 978 2171 facilis
991 2122 1055 2187 erit,
1070 2123 1092 2173 si
1104 2134 1144 2174 te·

88 2217 223 2266 neamus,
240 2202 324 2252 elure
340 2197 481 2252 Consultos
496 2211 597 2250 veteres
611 2210 691 2270 etque
703 2200 781 2249 etlam
795 2197 860 2249 alios
876 2200 1017 2270 scriptores
1034 2203 1145 2253 nomIna

88 2276 182 2349 legum
196 2292 222 2332 et
231 2281 342 2332 Senatus
353 2277 541 2333 Consultorum
555 2296 681 2350 usurpare
693 2295 746 2329 non
758 2277 839 2328 modo
852 2277 885 2328 tle
898 2281 943 2344 lis,
956 2298 1068 2350 qnorum
1080 2301 1145 2353 pro-

88 2360 151 2428 prie
167 2377 202 2410 es·
212 2372 274 2412 sunt
286 2360 408 2422 nomina,
425 2357 471 2410 sed
488 2359 564 2409 etiarn
580 2356 613 2409 de
628 2357 685 2422 hi's,
703 2356 797 2429 quibus
813 2356 901 2409 addita
917 2372 993 2426 sunt,
1005 2359 1048 2412 vel
1060 2361 1146 2433 expli·

90 2438 192 2504 candi,
204 2438 246 2491 vel
258 2437 432 2504 emendandi,
444 2437 486 2488 vel
498 2436 672 2491 confirmandi
684 2455 795 2503 caussa,
808 2453 834 2489 et
845 2455 903 2508 quse
914 2440 979 2510 ipsis
992 2453 1083 2512 postea
1098 2441 1145 2493 ad·

86 2519 164 2588 jecta
177 2533 256 2585 suut,
271 2517 363 2571 iisdem
378 2517 412 2570 de
426 2519 555 2570 caussis„
572 2519 645 2568 Ilanc
661 2515 875 2568 observationem
891 2519 1015 2590 exemplis
1033 2519 1145 2590 quibus·

91 2597 157 2650 dam
168 2597 371 2652 illustrabimus.
384 2599 505 2666 Tacitus,
519 2596 613 2649 Annal.
625 2597 698 2663 XIII,
710 2596 758 2664 dn,
770 2612 960 2650 commemorat
968 2619 1074 2670 postiam
1085 2598 1148 2673 lepis

92 2680 204 2732 Cincioe.
217 2681 363 2752 Atqui-non
378 2677 458 2730 modo
471 2695 525 2729 non
537 2691 658 2742 constat,
675 2691 774 2728 certam
793 2677 851 2746 Iege
863 2676 969 2741 cincta,
986 2683 1094 2751 proprie
1108 2682 1147 2733 sic

91 2757 184 2826 dicta,
197 2777 303 2830 poenam
313 2759 395 2810 luisse
405 2759 575 2810 constitutam
584 2795 592 2820 ,
602 2753 647 2808 sed
661 2754 728 2807 adeo
741 2756 885 2825 Ulpianus,
899 2755 1000 2825 Fragras.
1013 2758 1042 2823 1,
1055 2775 1083 2822 2,
1099 2776 1148 2809 an-

92 2853 156 2891 ctor
171 2852 228 2907 est,
245 2839 330 2911 Iegem
341 2839 459 2891 Cinciam
474 2838 658 2909 imperfectam
675 2837 770 2902 fuisse,
785 2834 837 2887 hoc
854 2848 909 2902 est,
926 2836 1026 2887 nullam
1042 2857 1148 2908 poenam

91 2921 284 2984 constituisse;
298 2918 351 2971 hoc
366 2919 434 2969 enim
454 2918 516 2968 Iure
530 2916 658 2969 Consulti*
668 2915 751 2986 legem
768 2916 950 2985 imperfectam
963 2915 1062 2968 dicunt.
1078 2920 1147 2990 Ergo

92 2996 140 3049 Iex
154 2998 246 3050 Cincio
258 2997 330 3070 apud
341 2999 462 3049 'I'acitum
473 2997 584 3068 ponitur
593 3013 643 3066 pro
655 2995 766 3046 Senatus
779 2993 923 3058 Consulto,
936 2993 1009 3063 qnod
1020 2994 1149 3066 ad'legern

91 3078 217 3129 Cinciam
232 3075 400 3129 sanciendam
416 3087 442 3127 et
453 3071 644 3126 emendandam
660 3073 759 3125 factum
770 3083 838 3135 erat,
851 3072 878 3122 iu
891 3086 944 3141 quo
954 3089 1031 3142 poena
1047 3073 1148 3124 consti-

94 3169 165 3211 tuta.
181 3156 282 3209 Plinius
297 3174 391 3229 porro,
407 3158 504 3224 Paneg.
518 3172 541 3205 c.
555 3154 605 3220 42,
620 3151 844 3223 :locupletabant
854 3164 879 3202 et
891 3152 982 3202 liscum
993 3165 1018 3203 et
1029 3155 1148 3206 aerarium

92 3257 154 3290 non
167 3251 223 3290 tum
233 3239 357 3290 Voconiae
368 3251 394 3288 et
402 3235 477 3288 J'nliae
488 3234 570 3306 leges,
584 3248 634 3287 etc.
647 3257 658 3281 s
672 3234 738 3301 Quis
749 3232 852 3298 credat,
867 3252 880 3282 e
891 3232 947 3302 lege
962 3232 1077 3284 Voconia
1090 3252 1150 3304 pro·

93 3319 156 3389 prIe
168 3320 208 3369 sIc
221 3317 306 3386 dicta,
318 3316 409 3370 fiscum
424 3314 581 3385 locupletari
593 3315 726 3385 potuisse;
740 3329 796 3382 quae
809 3310 890 3362 libera
904 3308 1039 3381 republica
1050 3313 1150 3382 scripta

94 3411 154 3464 est,
171 3417 253 3470 quum
269 3397 358 3450 nullus
370 3394 459 3447 sdhuc
473 3393 552 3446 fiscus
564 3406 641 3444 esset.
659 3391 843 3462 Intelliguntur
857 3409 920 3460 ergo
934 3408 966 3441 eo
983 3392 1090 3442 nomine
1104 3393 1151 3444 se-

94 3491 179 3530 natus
193 3478 321 3531 Consulto
333 3496 347 3530 a
361 3474 526 3547 principibus
541 3473 573 3524 ad
589 3473 673 3543 legem
685 3473 829 3522 Voconiam
846 3471 923 3521 fecta.
939 3471 997 3521 Jam
1011 3472 1070 3540 quis
1084 3471 1151 3522 adeo

96 3553 200 3630 hospes
212 3572 251 3611 eet
262 3562 290 3610 in
299 3557 502 3627 Digestis‚'quin
513 3555 588 3618 sciat,
601 3569 671 3621 sepe
682 3550 734 3622 leni
746 3548 872 3602 Cornelr'ae
882 3548 975 3613 tribui,
989 3567 1047 3618 quse
1060 3563 1153 3621 postea

96 3643 237 3714 principes
248 3641 272 3691 ei
285 3658 334 3710 per
347 3637 458 3689 Senatus
468 3633 610 3698 Consulto,
622 3646 665 3683 aut
677 3633 726 3683 aliu
738 3647 896 3702 <lucensque
908 3630 1026 3695 ratione,
1041 3629 1152 3681 addide-

98 3736 180 3789 rnnt‚
192 3736 222 3773 ut
234 3720 252 3772 I.
264 3720 321 3785 XV,
332 3717 345 3790 §
357 3718 387 3785 4;
401 3716 419 3767 I.
430 3715 512 3781 XXV,
524 3715 651 3778 XXXIII,
664 3711 697 3762 ad
707 3713 736 3761 L.
747 3709 853 3761 Cornel.
864 3707 992 3760 chaleo.
1004 3711 1090 3779 Atque
1100 3708 1152 3759 hoc

99 3800 208 3854 dudum
222 3799 285 3852 vidit
299 3795 483 3849 Gothofredue
494 3797 520 3845 in
535 3795 657 3862 Quatuor
672 3793 737 3842 font.
752 3791 838 3854 luris,
858 3807 917 3860 cup.
937 3805 977 3857 17,
991 3789 1017 3838 in
1036 3789 1105 3840 nutis
1120 3785 1153 3839 ad

98 3887 165 3953 Lag.
180 3883 245 3952 Pap.
258 3883 342 3952 Popp.
358 3878 434 3931 Conl.
448 3873 594 3928 Nordlterlt·
609 3871 642 3925 de
652 3874 713 3943 Lag.
729 3875 832 3922 Petron.
848 3883 874 3942 p.
893 3870 932 3922 18.
947 3869 983 3920 Ex
997 3869 1093 3939 qulbus
1106 3871 1153 3936 sit,

99 3977 132 4015 ut
146 3965 233 4035 possit
247 3958 374 4011 Claudius
388 3974 496 4029 quoqne
513 3952 633 4026 quedam
647 3952 680 4004 de
694 3949 802 4022 singulis
818 3948 860 4002 his
874 3949 953 4002 rebus
968 3947 1152 4015 constituisse,

100 4059 163 4113 qnae
175 4051 254 4092 aucta
266 4039 318 4090 sint
330 4050 356 4090 et
367 4034 506 4089 emendata
519 4051 535 4086 a
547 4035 653 4084 Nerone
665 4033 718 4096 ita,
731 4042 762 4082 ut
773 4030 913 4082 Suetonius
926 4023 1014 4079 trudit.
