3068 5144
381 552 449 618 3oo
755 556 790 617 C.
816 554 1049 621 SUETONll

379 679 555 746 tutandam
573 679 654 747 olim
674 679 976 776 depoposcissent:
996 699 1147 775 tempore
1164 683 1284 752 deinde
1301 689 1426 755 Samui·

380 791 436 856 tici
445 787 541 873 belli,
553 789 709 882 praesidio
718 794 753 858 in
763 790 919 884 Apuliam
928 793 1045 877 misso,
1055 791 1221 887 quosdam
1233 819 1274 862 ex
1283 795 1423 864 Vitelliis

380 899 572 968 subsedisse
584 903 752 984 Nuceriae3
766 897 952 996 eorumque
967 905 1160 994 progeniem
1177 902 1277 996 longo
1290 923 1366 998 post
1377 908 1426 972 in-

379 1009 520 1078 tervallo
533 1014 693 1104 repetisse
706 1012 833 1080 Urbem
845 1029 946 1107 etque
958 1013 1110 1080 ordinem
1123 1017 1342 1081 senatorium.

427 1124 471 1188 11.
490 1123 615 1189 Contra
632 1120 744 1214 plures
766 1139 938 1190 auctorem
955 1127 1087 1214 generis
1104 1122 1297 1190 libertinum
1316 1123 1425 1216 prodi·

380 1225 514 1298 derunt.
540 1233 674 1298 Cassius
699 1233 877 1308 Severus¹,
898 1256 961 1299 uec
985 1235 1096 1299 minus
1119 1231 1194 1312 alii,
1220 1233 1367 1300 eundem
1392 1251 1426 1300 et

381 1357 530 1408 sutorem
550 1345 869 1410 veteramentan'um
889 1370 896 1408 :
919 1340 1016 1435 cujus
1038 1343 1143 1426 filius,
1168 1344 1371 1426 sectionibus
1392 1361 1425 1412 et

380 1454 584 1544 cognituris²
599 1451 736 1520 uberius
750 1449 989 1544 compendium
1003 1471 1137 1539 nactus,
1152 1477 1191 1520 ex
1204 1435 1343 1522 muliere
1354 1453 1424 1520 vul-

381 1561 492 1654 gari³‚
518 1561 672 1629 Antiochi
700 1559 876 1655 cujusdam
904 1562 1089 1630 furnariam
1112 1563 1320 1632 exercentist
1340 1564 1423 1650 filis,

380 1675 537 1766 Equitem
554 1679 743 1741 Romanum
759 1677 921 1766 genuerit.
939 1672 1002 1741 Sed
1019 1674 1111 1768 quod
1126 1675 1311 1768 discrepat,
1329 1678 1373 1742 sit
1390 1679 1425 1742 in

380 1784 502 1852 medio.
525 1789 682 1854 Ceterum
707 1793 742 1856 P.
767 1787 941 1868 Vitellius,
966 1784 1067 1855 domo
1090 1790 1252 1870 Nuceria,
1277 1791 1346 1856 sive
1369 1788 1423 1857 ille

381 1897 494 1988 stirpis
519 1900 682 1992 antiquae,
709 1900 779 1966 sive
801 1897 968 1990 pudendis
992 1898 1188 1990 parentibus
1212 1917 1313 1992 atque
1335 1901 1422 1980 avis,

380 2009 493 2102 Eques
516 2025 605 2075 certe
625 2013 814 2091 Romanus,
837 2024 870 2074 et
892 2028 1006 2074 rerum
1029 2009 1170 2097 Augusti
1191 2007 1423 2098 ⁵procurator,

381 2135 526 2212 quatuor
540 2118 626 2187 lilios
639 2119 856 2213 amplissimae
872 2118 1040 2210 dignitatis
1055 2120 1288 2210 cognomines,
1301 2143 1342 2185 ac
1354 2136 1424 2186 tan·

380 2245 454 2296 tum
467 2231 731 2322 praenominibus
740 2230 929 2312 distinctos,
939 2226 1220 2322 reliquit,rlulum
1229 2282 1237 2310 ,
1246 2232 1422 2313 Quintum,

382 2337 552 2424 Publium,
564 2343 716 2409 Lucium.
733 2343 873 2409 AULUS
884 2331 928 2406 in⁸
935 2339 1111 2406 consulatu
1124 2338 1337 2435 obiit,.quem
1349 2365 1424 2407 cum

380 2451 542 2532 Domitio,
556 2454 698 2519 Neronis
709 2453 848 2520 Caesaris
861 2465 972 2545 patre,
985 2449 1139 2517 inierntfiz
1150 2448 1336 2543 praelautus
1347 2450 1424 2517 alio-

417 2653 448 2703 11.
472 2668 492 2703 1.
515 2653 610 2704 Cassius
625 2655 740 2708 Severus.
761 2653 827 2708 Vide
846 2654 879 2707 sd
924 2671 1004 2705 onam
1020 2669 1051 2702 ex
1067 2651 1163 2724 vulgo,
1180 2670 1211 2704 ex
1225 2651 1322 2703 litonili
1332 2650 1421 2723 plebe,

380 2727 463 2800 Colig.
478 2730 509 2781 16
518 2729 551 2782 de
561 2729 614 2784 boc
626 2745 732 2787 oratore
742 2747 843 2786 notata.
924 2733 1146 2801 interpretantur,
1158 2729 1317 2801 quibuscum
1329 2731 1424 2781 iaciunt

419 2826 441 2860 2.
469 2807 620 2882 Cognituris
644 2811 684 2862 lta
702 2805 879 2882 optimi'libri.
925 2807 1048 2864 Oudend.
1071 2823 1096 2860 et
1113 2808 1236 2860 wolfius.
1256 2810 1291 2859 At
1314 2809 1423 2862 otiosrun

381 2889 422 2940 Al.
445 2889 586 2942 consumtis
603 2903 629 2942 et
648 2892 757 2957 staturis,
781 2893 880 2963 inepte.
926 2888 979 2950 boc
989 2905 1045 2940 esse
1055 2885 1278 2952 additamentum,
1289 2903 1371 2957 quum
1381 2884 1424 2936 ob·

383 2970 529 3042 Goqaitores
544 2984 606 3022 sunt
627 2970 772 3036 delatores,
792 2975 882 3045 eogru'-
927 2986 1033 3020 seurum
1047 2967 1129 3037 petris
1141 2984 1237 3018 nomen
1252 2963 1424 3035 sordidasque

381 3049 883 3120 atrapraemiadelutionum.VideGro-
927 3057 1039 3118 quastus
1055 3047 1174 3116 proxime
1194 3059 1424 3112 commemoretur,

380 3146 441 3180 nov.
452 3127 587 3180 dsPecun.
596 3130 883 3195 Vet.lV,3.Sectiones
927 3128 1018 3195 negari
1032 3145 1086 3176 non
1102 3138 1203 3195 potest,
1219 3125 1339 3197 quamvis
1353 3124 1424 3176 oblo-

382 3219 469 3258 autem
479 3226 535 3260 esse
546 3209 687 3261 emtionem
693 3208 824 3262 bonorum
832 3209 882 3261 bs·
928 3219 1025 3277 quatur
1039 3205 1161 3257 wolfius.

381 3298 426 3336 stre
438 3285 633 3356 subjectorum,
644 3291 707 3341 satis
719 3304 820 3341 notum.
839 3290 881 3340 ct:
963 3285 989 3352 ‘i
1001 3286 1155 3336 Fumarium
1163 3285 1318 3344 exercende,-
1328 3303 1380 3335 non
1386 3285 1426 3355 pi·

381 3363 483 3415 Ernest.
497 3363 569 3416 OEav.
582 3367 666 3418 Cicer.
680 3365 729 3418 sub
741 3366 810 3419 lianc
823 3386 881 3419 voe.
925 3365 1011 3426 sterit,
1023 3364 1069 3416 sed
1081 3383 1111 3416 ex
1123 3365 1207 3415 furnis
1219 3362 1299 3433 vulgo
1311 3363 1425 3415 locandis

416 3441 442 3492 3.
457 3443 499 3494 Ex
507 3441 615 3494 muliere
626 3443 737 3518 vulgari.
747 3446 881 3517 intelligo,
927 3445 1196 3516 quastumfaeientis,
1210 3443 1348 3512 quomodo
1358 3455 1426 3496 reete

338 3513 340 3517 ⁸
382 3539 438 3592 quta
462 3520 540 3591 vulgo
566 3539 665 3594 corpus
688 3524 879 3594 prostituebat,
926 3522 1254 3595 interpretaturWollius.

381 3617 442 3650 cum
451 3600 606 3666 Torrentio,
615 3603 751 3668 Ernestio,
760 3603 880 3675 aliisque.
962 3599 992 3656 5,
1006 3605 1042 3655 Et
1051 3621 1135 3656 rerum
1147 3603 1427 3676 Augustipmcuratorr

381 3679 478 3731 Citavit
490 3678 534 3730 ille
546 3677 623 3731 Ovid.
635 3682 706 3733 Post.
719 3683 768 3748 lv,
781 3673 857 3750 865,Δ
925 3677 1051 3750 mugiens
1074 3679 1194 3737 dictanais.
1220 3680 1368 3733 Violentior
1391 3695 1428 3734 est

381 3773 882 3834 Numine,vagarer,Veneriscelebnrapm.
927 3759 1428 3832 orisisErnestii,utsptrrinrndsmnsn·

449 3837 482 3879 ι’·
927 3844 959 3894 tis
970 3841 1129 3893 vocabulum
1143 3857 1236 3892 veruna

382 3920 420 3970 lta
433 3918 530 3968 Domit.
543 3934 596 3983 nn,
617 3936 677 3969 curn
692 3917 774 3972 codd.
790 3918 881 3990 legen·
961 3921 987 3972 6.
1005 3920 1209 3973 Isrcoasalata...
1219 3938 1294 3991 quem
1308 3939 1366 3971 cum
1381 3920 1429 3971 Do-

381 3998 447 4048 dum
459 3995 649 4070 uulgatissimas
660 3999 813 4064 meretrices,
828 4017 882 4049 non
927 4001 1031 4052 mitia..
1043 3999 1139 4050 inierat
1144 4020 1153 4059 ;
1169 3997 1196 4050 b.
1210 4018 1232 4050 e.
1246 4018 1325 4071 quem
1336 3997 1429 4052 eodem

382 4075 578 4150 vulgatissimus.
594 4079 631 4129 lta
644 4077 758 4147 denique
771 4076 883 4149 vulgaris
900 4131 904 4138 ,
927 4097 996 4130 anno
1008 4081 1115 4141 inierat,
1133 4095 1187 4148 quo
1200 4080 1333 4129 Domitius
1346 4089 1372 4129 et
1385 4079 1430 4130 Ca·

383 4155 523 4209 liberalitas
541 4156 625 4209 Cicer.
644 4155 722 4209 Offic.
742 4157 771 4221 l,
792 4155 837 4221 16,
852 4173 883 4224 9,
928 4157 1014 4210 milius
1022 4157 1151 4210 Consules
1159 4158 1275 4222 fuorunt,
1284 4157 1315 4207 U.
1327 4158 1357 4208 C.
1368 4159 1428 4226 785.

382 4247 436 4301 est,
457 4252 514 4306 quoe
530 4235 566 4288 ad
580 4253 668 4288 omnes
685 4237 806 4306 pertinet.
831 4233 882 4286 Alii
928 4237 968 4288 Cf.
984 4235 1083 4290 Othon.
1098 4255 1122 4288 a.
1136 4234 1270 4288 Vitellium
1284 4236 1429 4289 suffectum
