3076 5146
441 547 760 612 DOMITIANUS.
1058 549 1123 640 397

78 693 169 744 cesta
180 675 367 743 Vestalium
379 692 403 722 ¹²
417 677 602 765 virginum,
614 698 635 739 a
646 689 741 765 patre
754 696 890 769 quoque
903 697 966 741 suo
977 689 1012 740 et
1023 675 1125 743 fratre

78 785 249 878 neglecta,
258 788 348 852 varie
358 809 397 852 ac
410 807 523 852 severe
537 786 701 851 coercuit:
717 785 845 874 priora,
855 783 987 877 capitali
996 784 1124 878 suppli·

77 900 146 978 ci03
165 899 354 989 posteriora
365 893 402 978 ¹³,
418 919 514 962 more
532 897 646 961 veteri.
668 898 753 960 Nam
771 919 877 988 quum
894 894 1051 963 Ocellatis
1070 921 1124 964 so·

78 1007 225 1089 roribus,
238 1011 318 1074 item
325 1006 532 1087 Varronillae,
544 1005 688 1073 liberum
697 1008 815 1073 mortis
822 1009 1029 1099 permisisset
1040 1006 1126 1076 arbi-

78 1119 194 1200 trium,
205 1133 488 1213 corruptoresque
496 1139 612 1184 earum
619 1114 816 1207 relegasset:
828 1141 907 1185 mox
916 1117 1122 1202 Corneliam,

78 1233 261 1296 maximam
285 1232 456 1320 Virginem
469 1227 514 1311 ¹4,
538 1226 728 1295 absolutam
753 1225 851 1309 olim,
875 1227 997 1296 dehinc
1022 1229 1125 1322 longo

79 1340 257 1410 intervallo
269 1344 462 1434 repetitam,
477 1356 578 1435 atque
591 1342 794 1422 convictam,
807 1338 919 1407 defodi
931 1344 1124 1433 imperavit3

77 1573 157 1627 prena
170 1556 211 1608 vel
224 1555 316 1608 decem
328 1555 451 1622 millium,
461 1553 501 1608 vel
512 1575 581 1608 mor·
625 1553 679 1607 bat.
697 1555 842 1628 Repetitant
855 1553 920 1608 dicit
934 1557 1029 1608 iterum
1046 1573 1126 1607 acca·

78 1633 583 1705 tiasecundumalios,stupratoriirro-
626 1647 724 1696 satam
744 1645 831 1706 petere
851 1637 919 1687 enim
939 1648 978 1687 est
998 1652 1125 1687 accusare.

79 1724 150 1782 gata.
160 1712 228 1763 Vide
238 1711 345 1764 Christii
355 1713 421 1764 Hist.
435 1714 498 1782 Leg.
512 1711 579 1764 Scat.
625 1715 699 1765 Prius
709 1715 809 1766 crimen
822 1733 856 1765 an
867 1713 917 1766 sub
929 1713 1071 1767 Domitiani
1080 1715 1127 1766 im·

80 1788 137 1840 Hal.
156 1806 236 1860 17273
251 1791 354 1842 Ernest.
368 1788 439 1840 Clar.
454 1790 509 1841 Cic.
523 1788 584 1841 lud·
625 1795 699 1864 perio
718 1805 744 1843 et
762 1791 795 1844 de
810 1790 904 1844 eodem
923 1794 1027 1845 incestu
1041 1792 1126 1845 aliove

81 1867 143 1939 leg.;
153 1881 180 1920 et
188 1887 255 1938 quos
264 1868 330 1920 alios
337 1868 453 1920 laudavit
460 1868 581 1934 Baebius,
625 1873 770 1941 impactum
781 1873 806 1922 ei
816 1871 913 1936 luerit,
925 1873 1065 1924 incertum.
1075 1874 1126 1924 Pu·

82 1945 132 1997 loc.
144 1948 189 1998 cit.
626 1962 672 2014 to,
690 1967 784 2018 parum
801 1965 926 2021 prospere
944 1951 1059 2019 priorem
1079 1967 1127 2001 ca-

119 2041 158 2076 ta.
179 2026 281 2077 Incesta
300 2024 457 2088 Vestalium,
475 2037 525 2076 etc.
540 2024 580 2077 cf.
625 2029 753 2079 lumniam
770 2031 887 2081 cessisse.
907 2029 1008 2081 Diserte
1027 2031 1096 2081 enim
1110 2049 1126 2081 a

82 2105 181 2178 Xiphil.
196 2101 305 2170 valt,
318 2105 351 2172 3,
365 2105 411 2157 ubi
424 2106 536 2156 Reimar.
627 2107 706 2178 culpa
719 2106 815 2170 liberat
826 2107 950 2178 virginem
963 2107 1029 2160 Pliu.
1042 2109 1125 2179 Epist.

48 2227 51 2233 ,
119 2185 159 2237 13.
180 2187 335 2237 Priora.....
357 2185 511 2254 posteriora,
531 2196 580 2235 etc.
626 2188 669 2250 lv,
689 2201 730 2251 ιι,
752 2188 842 2237 «Nam
861 2205 943 2257 quum
960 2185 1125 2251 Corneliam,
1190 2207 1192 2211 ·

82 2266 174 2318 Priora
184 2267 327 2316 Burmann.
339 2263 461 2332 intelligit
471 2274 582 2332 epatre,
627 2265 765 2316 maximam
779 2262 929 2330 Vestalem,
943 2264 1069 2316 defodere
1084 2267 1126 2318 vi-

80 2345 222 2415 posten'ora
235 2361 249 2394 a
262 2343 342 2395 fratre
353 2341 485 2411 neglectu
498 2341 582 2392 Erue·
626 2361 685 2393 vam
702 2344 875 2415 concupisset,
893 2353 923 2394 ut
938 2344 984 2416 qui
1001 2342 1128 2396 illustrari

82 2422 583 2496 stiusprioraanteprincipatumsuum,
626 2422 741 2474 seculum
761 2441 836 2474 suum
860 2421 986 2494 ejusmodi
1007 2424 1127 2498 exernplo

80 2503 222 2574 posteriora
231 2515 291 2572 post
302 2499 415 2552 edictum
426 2518 503 2551 suum
514 2518 583 2550 com·
627 2502 803 2568 arbitraretur,
820 2502 953 2554 pontilicis
968 2503 1072 2555 maximi
1081 2506 1127 2574 ju-

82 2586 176 2649 missa,
192 2601 250 2654 qua
263 2580 375 2634 Marcilii
388 2581 466 2634 etiam
477 2593 583 2632 senten·
627 2600 671 2647 re,
682 2599 727 2632 seu
738 2582 827 2651 potius
836 2583 1000 2634 immanitate
1008 2585 1127 2654 tyranni,

81 2665 116 2714 tia
129 2665 189 2715 fuit.
206 2661 273 2714 Mihi
289 2681 320 2713 ex
336 2660 507 2732 sequentibus
521 2660 583 2712 satis
626 2657 978 2730 licentiadomini,reliquos
986 2660 1126 2714 Pontifices
1176 2703 1180 2723 ,

81 2757 173 2815 patere
182 2741 296 2810 ridetur,
307 2744 396 2814 priora
408 2756 432 2793 et
443 2741 583 2812 posteriora
627 2757 682 2790 non
691 2741 718 2789 iu
726 2741 839 2809 regiam,
849 2739 895 2792 sed
905 2741 933 2791 in
943 2739 1073 2794 Albanam
1081 2741 1128 2794 vil-

82 2823 114 2874 ed
128 2822 274 2874 Domitiani
290 2823 468 2893 principatum
485 2822 583 2893 pariter
626 2815 679 2869 lam
694 2819 856 2870 convocavit.
870 2820 925 2871 Nec
936 2821 1036 2872 minore
1047 2820 1127 2874 scele-

81 2899 222 2952 relerenda
237 2917 309 2965 esse,
327 2900 362 2950 ita
380 2912 409 2949 ut
424 2899 497 2969 prim
512 2897 582 2969 capi·
627 2914 670 2961 re,
687 2913 767 2966 quam
782 2895 855 2967 quod
870 2897 961 2950 ulcisci
973 2899 1125 2966 videbatur,

81 2978 134 3030 tale
157 2977 235 3030 modo
257 2976 415 3049 supplicium
439 2987 582 3040 statueret,
626 2977 754 3029 absentem
775 2976 973 3051 inauditamque
992 2979 1128 3034 damnauit
1156 3010 1160 3020 ·

83 3079 94 3101 ι
104 3053 232 3108 Ocellatis
243 3053 379 3106 sororibus
390 3065 416 3104 et
429 3050 583 3104 Varronillae
627 3055 728 3115 incesti,
741 3073 823 3124 quum
833 3058 890 3126 ipse
902 3056 988 3110 fratris
999 3059 1077 3112 filiam
1086 3062 1127 3112 in·

80 3134 162 3187 libero
172 3136 265 3186 mortis
275 3132 382 3187 arbitrio
392 3134 534 3203 permisso,
544 3149 583 3182 re·
627 3148 699 3188 cesto
711 3154 766 3186 non
775 3135 914 3206 polluisset
925 3138 1022 3202 solnm,
1035 3159 1126 3192 verum

80 3213 173 3286 legatis
202 3212 445 3286 corruptoribus32
473 3223 561 3284 postea
573 3250 582 3277 ,
627 3214 871 3277 etia'moccidisset3
885 3217 1127 3271 namvidnaabor-

81 3312 162 3365 quum
178 3311 273 3365 parum
286 3293 429 3362 proiecisse
444 3309 472 3342 se
485 3309 517 3342 aa
529 3291 583 3342 cle·
628 3306 656 3344 tu
673 3295 759 3365 periit.
776 3295 849 3346 Missi
866 3296 953 3346 statim
970 3296 1126 3365 Pontifices,

82 3378 178 3428 mentia
188 3373 310 3437 vidisset,
319 3391 390 3424 more
400 3373 478 3424 veteri
486 3373 513 3422 in
521 3389 582 3423 cou-
627 3372 672 3443 qui
679 3369 866 3422 defodiendam
873 3373 1072 3446 necandamque
1080 3397 1126 3430 cu·

81 3455 160 3508 rictas
174 3451 406 3516 animadverteret,
420 3449 447 3500 h.
465 3469 487 3500 e.
506 3451 581 3501 «rir-
625 3461 731 3515 rarent,
754 3462 826 3502 etc.»
848 3449 936 3502 Nolim
958 3467 1046 3524 tamen
1065 3472 1127 3509 cum

80 3533 166 3603 [ςὶιιειιι
173 3529 279 3597 defodi,
290 3541 451 3601 stupratores
462 3529 538 3598 virgis
548 3527 582 3580 ad
625 3529 733 3582 Dultero
749 3530 783 3583 ob
798 3531 873 3584 Plinii
892 3531 980 3584 locum
996 3536 1126 3606 corrigere

82 3630 173 3664 necem
187 3609 253 3662 caedi
263 3609 399 3680 juberet.»
418 3610 511 3660 Denuo
524 3627 582 3659 mo·
626 3623 717 3662 nostro
742 3611 903 3680 «repetitam
928 3631 1011 3685 neque
1033 3615 1125 3666 conri-

82 3691 199 3743 uendum
209 3690 242 3743 de
252 3709 326 3742 more
336 3689 469 3754 Suetonii,
483 3690 584 3743 unirer·
626 3703 704 3740 ctam.
717 3712 727 3735 ι
743 3691 882 3742 blanifeste
895 3694 963 3744 enim
976 3696 1004 3745 iu
1018 3708 1126 3748 contra-

82 3791 109 3824 se
118 3768 309 3844 praemittendi,
322 3787 378 3839 quae
388 3785 449 3819 mox
459 3768 583 3840 exemplis
626 3770 665 3819 ria
675 3767 817 3820 discedunt
827 3769 968 3822 Suetonius
979 3787 1005 3823 et
1013 3771 1126 3836 Plinius,

82 3849 255 3904 illustrantur.
626 3845 746 3897 dumille
759 3845 870 3900 salubris
884 3851 1028 3902 severitatis
1041 3869 1126 3901 exem·
1168 3873 1171 3878 ⁴

109 3931 158 3997 ‹¹¹l·
179 3931 246 3981 Mox
260 3925 421 3990 Corneliam,
441 3925 582 3976 maximam
626 3924 713 3995 plum,
723 3923 765 3977 hic
777 3929 880 3996 tyranni
891 3924 1023 3980 licentiam
1034 3931 1061 3978 in
1073 3927 1126 3980 hoc

86 4009 219 4084 Virpinem
225 4047 234 4075 ,
243 4019 293 4059 etc.
301 4004 329 4057 h.
339 4025 361 4059 e.
370 4005 564 4058 vetustissimam
571 4041 581 4069 ‚
626 4003 754 4057 Cornelia
759 4005 889 4076 supplicio
894 4007 1126 4077 proponunt.Cum

84 4101 112 4138 ut
121 4089 205 4138 Tacit.
221 4085 316 4137 Annal.
330 4086 380 4149 xl,
395 4085 427 4136 32
444 4082 529 4153 (conf.
548 4081 583 4134 ad
627 4085 754 4138 Suetonio
772 4085 859 4138 facere
880 4086 982 4138 videtur
1001 4085 1125 4140 Philostr.

83 4166 144 4218 Caes.
155 4166 220 4235 83),
232 4185 265 4216 ne
279 4165 337 4234 quis
348 4182 409 4215 cum
420 4163 476 4215 aliis
488 4166 582 4216 Come-
626 4166 687 4228 Vll,
706 4163 731 4214 3.
750 4164 790 4216 cf.
811 4167 921 4218 Reimar.
944 4165 977 4217 ad
994 4166 1125 4238 xiphilin.

84 4245 144 4298 liam
161 4248 310 4298 Maximam
328 4265 376 4316 pro
393 4246 500 4297 nomine
518 4247 582 4297 scri·
627 4242 771 4311 va11,3.
