3054 5152
394 569 457 648 140
765 567 801 631 c.
827 567 1061 632 suarouu

388 710 496 778 editus
511 712 572 792 sit,
590 713 645 778 cui
660 709 761 779 iudex
778 728 849 779 erat
863 731 952 806 μωρῶν
966 729 1187 800 tantumn,
1202 731 1437 807 argumentum

387 837 516 903 autem,
534 821 735 888 «stultitiam
747 825 917 890 neminem
930 821 1067 915 fingere.
1081 853 1094 884 a

433 938 583 1002 XXXIX.
609 939 701 1002 Inter
713 951 823 1003 cetera
836 938 871 1003 in
883 959 926 1003 eo
935 938 1045 1004 mirati
1058 953 1137 1004 sunt
1147 936 1302 1008 homines
1314 954 1349 1006 et
1360 937 1438 1007 obli-

388 1047 523 1113 vionem
535 1061 568 1112 et
580 1044 917 1128 inconsiderantiam,
932 1046 1005 1128 vel,
1018 1064 1056 1115 ut
1072 1050 1188 1115 Graece
1202 1046 1332 1134 dicam,
1347 1089 1438 1144 μαιω-

386 1171 457 1247 plait
478 1170 512 1223 et
526 1170 659 1250 ἀβλιψὶαν.
681 1159 797 1225 Occisa
812 1156 1028 1240 Messalina²,
1047 1158 1150 1251 paulo
1168 1177 1261 1252 post,
1282 1186 1386 1256 quam
1404 1165 1437 1229 in

388 1266 531 1335 triclinio
544 1269 717 1350 decubuit,
735 1295 821 1336 ocur
832 1268 970 1337 domina
980 1293 1051 1338 non
1062 1275 1209 1353 veniret,
1223 1303 1236 1332 a
1252 1276 1435 1368 requisivit

387 1378 513 1447 Multos
527 1405 566 1448 ex
578 1383 634 1462 iis,
647 1405 732 1476 quos
744 1385 851 1474 capite
863 1381 1099 1464 damnaverat,
1112 1400 1247 1476 postero
1260 1387 1375 1452 statim
1386 1383 1438 1455 die

388 1507 422 1558 et
434 1493 469 1557 in
487 1493 695 1576 convivium,
710 1511 744 1562 ct
758 1492 801 1560 ad
815 1492 897 1561 aleae
913 1493 1028 1562 lusum
1042 1492 1216 1562 admoneri
1231 1492 1371 1592 jussit³:
1387 1513 1436 1580 et,

387 1604 483 1696 quasi
500 1621 729 1687 morarentur,
750 1622 789 1673 ut
807 1604 1051 1674 somniculosos
1069 1629 1132 1698 per
1150 1608 1314 1673 nuncium
1334 1609 1438 1675 incre

387 1715 471 1806 puit.
489 1719 658 1782 Ducturus
675 1733 791 1784 contra
805 1717 855 1784 fas
873 1719 1091 1810 Agrippinam
1106 1741 1265 1796 uxorem,
1283 1741 1355 1785 non
1370 1743 1438 1787 ces

388 1825 473 1892 savit
492 1829 584 1892 omni
601 1825 772 1895 orationet
796 1857 809 1888 a
822 1827 970 1909 filiam»
996 1844 1030 1894 et
1054 1828 1294 1909 «alumnam»
1320 1845 1355 1897 et
1379 1833 1437 1897 ain

425 2059 466 2096 tt.
483 2040 667 2103 'manime
687 2049 727 2101 lta
740 2047 848 2099 Mamm.
863 2060 890 2099 et

388 2125 481 2194 optimi
495 2127 611 2198 quique,
630 2146 679 2197 pro
693 2125 765 2196 vulg.
780 2122 890 2178 trina-

388 2222 435 2264 ett,
453 2215 478 2254 et
493 2217 554 2274 post
568 2205 635 2257 alios
648 2205 763 2258 reddidit
778 2204 889 2258 Ouden-

388 2279 464 2353 dorp.
476 2284 541 2334 Mox
551 2283 666 2337 Caaaub.
678 2284 788 2350 suadet,
804 2284 889 2338 ustul-

244 2378 247 2388 ·
304 2363 305 2368 ’
386 2361 471 2412 titiam
482 2361 591 2414 stultam
604 2367 736 2416 neminem
748 2364 863 2435 lingere,
873 2357 900 2411 a*

386 2440 538 2514 probatque
546 2444 670 2497 Bromius.
681 2443 759 2497 Haud
770 2461 889 2497 necessa·

387 2521 457 2573 rium
476 2521 588 2576 videtur.
611 2525 723 2577 Dicebat
740 2524 823 2577 libelli
843 2544 889 2578 au-

387 2614 456 2669 ctor,
473 2621 534 2656 vere
553 2605 662 2670 stultum
676 2625 732 2659 esso
751 2621 888 2678 oportere,

388 2677 769 2752 quitantaveritatestultitiatn
776 2685 889 2757 prodat;

387 2757 451 2812 alias
465 2761 535 2813 enim
545 2765 608 2816 satis
619 2763 703 2816 multa
712 2784 781 2817 sante
793 2768 888 2818 mentis

387 2837 484 2892 indicia
503 2842 530 2892 in
549 2841 606 2912 ipsa
620 2841 788 2894 simulatione
804 2863 889 2915 appa·

386 2935 453 2970 rere.
468 2919 506 2971 lta
524 2919 617 2974 saltent
635 2923 663 2973 in
681 2923 763 2974 Bruto
775 2923 889 2994 aliisque

386 2997 615 3067 geuuiuaindoles
624 3017 677 3051 non
685 3017 794 3070 prorsus
801 3000 887 3051 latuit.

422 3075 541 3132 XXXIX.
564 3093 586 3129 1.
606 3079 746 3148 Mtrsnpt'at.
768 3079 827 3130 llaec
847 3097 889 3130 re-

386 3153 501 3225 spondet
514 3157 571 3209 Lat.
586 3155 727 3224 oblivioni,
740 3171 770 3210 ut
781 3156 889 3225 sidat-ila

387 3235 617 3289 inconsiderantiae.
634 3236 680 3290 llla
700 3250 739 3290 est
756 3237 825 3291 Gall.
841 3239 888 3290 ab·

387 3331 460 3365 tenca
476 3313 592 3388 d'esprit,·
608 3315 720 3386 pninpot
735 3319 822 3384 euim,
841 3318 888 3388 qui

386 3389 430 3442 vel
440 3390 590 3460 oblivione,
602 3394 641 3446 vel
655 3413 718 3467 spe,
731 3396 773 3447 vel
785 3395 840 3447 ullo
853 3396 890 3446 af·

387 3470 460 3521 fectu
467 3489 612 3543 suspensus
622 3474 801 3546 abreptasque
810 3477 852 3526 sni
863 3490 889 3527 et

386 3567 473 3602 rarum
480 3570 588 3604 suarum
597 3553 807 3622 obliviscitnr‚ut
815 3555 889 3607 Clau-

387 3629 461 3682 dium
471 3649 577 3699 eorum,
589 3651 646 3705 qnte
657 3636 776 3704 proxime
786 3633 889 3686 accide-

387 3720 460 3774 rant,
472 3709 653 3763 immemorem
663 3710 778 3764 reddidit
786 3729 840 3762 non
850 3711 889 3764 af-

386 3789 473 3841 fectus
483 3789 591 3860 aliquis,
603 3791 650 3843 sed
660 3790 788 3844 inherens
799 3793 887 3843 animo

386 3881 481 3939 torpor
492 3883 520 3922 et
532 3869 651 3924 stultitia.
663 3870 888 3924 [inconsiderantia

387 3961 428 4001 ast
441 3967 548 4016 eorum,
568 3969 625 4024 qua
640 3951 804 4002 conveniunt
818 3964 888 4003 tem-

386 4028 447 4099 pori
453 4026 494 4080 vol
503 4027 573 4081 loco.
584 4029 728 4092 Obliuionis
737 4043 799 4080 sunt
806 4047 889 4082 exom-

386 4106 430 4179 pla
441 4125 526 4181 usqua
533 4107 569 4162 ad
578 4109 717 4180 increpuit,
728 4107 791 4161 inde
799 4109 888 4161 incon-

386 4186 540 4240 siderantioe.

425 4282 448 4317 a.
470 4265 558 4320 Occisa
570 4266 725 4333 Messalina,
739 4279 789 4320 eto.
804 4265 886 4320 Panlo

934 2046 1010 2099 aliter
1027 2048 1112 2098 Tacit.
1132 2045 1227 2098 Annal.
1250 2047 1302 2114 Xl,
1322 2047 1374 2113 38,
1393 2047 1438 2100 sed

933 2145 988 2179 non
1001 2129 1101 2196 majore
1113 2125 1216 2179 Claudii
1229 2125 1324 2179 lande:
1341 2128 1439 2180 uNun-

934 2205 1031 2257 ciatum
1047 2203 1160 2256 Claudio
1179 2202 1317 2275 epulanti,
1336 2207 1438 2276 perisse

932 2284 1119 2350 Messalinam,
1131 2303 1186 2336 non
1195 2283 1335 2350 distincto,
1344 2303 1394 2336 sua
1404 2303 1438 2338 an

933 2363 1019 2416 aliena
1029 2382 1123 2416 manu:
1135 2381 1185 2416 nec
1193 2363 1239 2415 illa
1248 2365 1383 2435 quesivit,
1393 2383 1439 2436 po·

933 2445 1071 2516 poscitque
1082 2443 1227 2515 poculum,
1243 2456 1269 2495 et
1280 2441 1363 2495 solita
1375 2462 1439 2498 oon·

932 2523 1001 2574 virio
1011 2521 1160 2574 celebravit.
1169 2523 1210 2574 Ne
1219 2522 1317 2573 secutis
1328 2520 1439 2591 quidem

933 2600 1026 2654 diebus
1042 2602 1110 2668 odii,
1123 2600 1229 2673 gaudii,
1240 2601 1299 2667 iroe,
1313 2602 1438 2666 tristitia,

933 2679 1015 2734 ullius
1023 2680 1139 2751 denique
1154 2680 1264 2732 humani
1277 2679 1394 2731 affectus
1405 2679 1439 2731 si·

933 2779 986 2831 gna
996 2759 1083 2828 dedit,
1092 2779 1160 2828 non,
1173 2779 1256 2833 quum
1268 2757 1388 2813 laetantes
1398 2777 1439 2812 ac·

933 2854 1068 2892 cusatores
1089 2842 1233 2911 aspiceret,
1258 2856 1333 2904 non,
1355 2856 1439 2910 quum

933 2917 1001 2969 filios
1014 2931 1186 2970 moerentes.»
1200 2920 1262 2969 Htee
1272 2935 1334 2968 vera
1349 2929 1438 2989 torpo-

933 2996 967 3048 ris
984 2999 1039 3049 sive
1058 2995 1233 3057 ἀναισθησίας,
1252 3015 1308 3048 non
1326 2996 1439 3063 Stoica,

933 3074 979 3128 sed
991 3077 1076 3150 qualis
1088 3076 1217 3130 vilissimis
1230 3074 1385 3130 horninibus
1397 3075 1439 3130 rel

933 3156 961 3205 in
973 3157 1063 3225 pntr'iae
1074 3156 1224 3208 calamitate
1234 3173 1292 3208 esse
1303 3154 1384 3222 solet,
1396 3155 1439 3208 de·

935 3235 1053 3304 scriptio.
1067 3236 1106 3286 De
1120 3233 1234 3285 dominat
1247 3233 1398 3298 uocabulo,
1410 3233 1438 3286 b.

934 3332 957 3364 e.
974 3314 1053 3376 hera,
1070 3313 1142 3386 quod
1157 3314 1192 3366 ad
1204 3316 1303 3366 amicas
1315 3313 1357 3366 rel
1369 3333 1438 3366 uxo·

933 3412 974 3446 res
982 3397 1119 3447 transferri
1127 3397 1299 3465 coepitaviris
1307 3413 1366 3446 arvo
1375 3395 1439 3448 mol·

932 3473 951 3525 li
962 3487 987 3524 et
997 3475 1165 3541 effeminato,
1176 3493 1258 3546 quum
1267 3476 1379 3546 proprie
1387 3493 1439 3526 ser·

932 3554 971 3604 vis
981 3565 1083 3605 tantum
1091 3567 1274 3626 usurparetur,
1283 3553 1311 3606 b.
1322 3555 1338 3604 l.
1348 3553 1438 3607 dicere

933 3652 989 3686 non
1001 3646 1104 3686 attinet.

968 3711 993 3765 3.
1013 3712 1114 3767 Multos
1121 3731 1153 3763 ex
1160 3712 1228 3765 iis...
1238 3712 1379 3765 admoneri
1379 3715 1438 3786 jus·

931 3792 972 3844 sit.
982 3791 1023 3843 ct.
1033 3793 1084 3842 Dio
1091 3829 1100 3859 ,
1108 3791 1169 3856 LX,
1180 3792 1219 3858 14.
1229 3789 1356 3843 Ceterum
1364 3809 1439 3843 reeo-

931 3873 1018 3941 pimus
1028 3884 1054 3922 et
1061 3871 1209 3933 convivium
1217 3888 1266 3940 pro
1277 3867 1437 3936 concilium,

933 3962 959 4002 et
967 3951 1116 4014 admoneri,
1126 3949 1155 4002 b.
1166 3969 1190 4002 e.
1202 3968 1252 4020 per
1263 3968 1370 4002 sartum
1377 3951 1441 4003 inti-

932 4031 997 4095 tari,
1006 4048 1056 4100 pro
1070 4029 1215 4093 admoveri,
1230 4027 1304 4100 qnod
1317 4031 1439 4102 quamvis

931 4107 1058 4160 Latinitas
1064 4107 1196 4174 ferat,res
1204 4125 1260 4160 non
1270 4108 1340 4175 fert,
1353 4126 1438 4181 quum

931 4188 983 4242 vivi
994 4200 1098 4240 tantum
1110 4187 1247 4240 admoveri
1254 4199 1364 4259 queant.

967 4265 993 4334 4.
1011 4269 1074 4321 Non
1093 4269 1198 4322 cessavit
1210 4267 1285 4322 omni
1302 4266 1438 4334 oratione,
