3054 5152
499 519 749 586 CLAUDIUS.
1103 547 1142 612 9¹

40 619 42 730 l
157 643 208 710 XI.
233 645 376 736 Imperio
395 643 556 726 stabilito,
576 644 659 717 nihil
677 647 846 740 antiquius
863 645 959 714 duxit
966 671 1097 742 ,quam
1114 647 1149 716 id

119 751 259 836 biduum,
280 777 348 848 quo
369 753 594 822 demutando
620 754 824 847 Reipublicae
848 773 936 824 statu
961 755 1148 827 haesitatum

119 881 193 945 etat,
203 868 377 935 memoriae
393 869 550 936 eximere.
569 870 751 938 Omnium
744 884 857 962 itaque
870 868 1036 938 factorum
1046 868 1149 937 dicto·

117 999 246 1070 rumque
255 979 293 1046 in
304 1001 346 1044 eo
358 980 490 1048 veniam
502 994 536 1046 et
549 976 752 1049 oblivionem
764 980 799 1046 in
810 996 1012 1074 perpetuum
1024 980 1149 1060 sanxit,

117 1088 356 1177 acpraeetitit13
382 1087 541 1156 Tribunis
565 1087 667 1156 modo
691 1111 731 1156 uc
752 1088 1011 1158 Centurionihus
1032 1091 1149 1181 paucis

116 1193 394 1288 ecoojuratorum
414 1199 448 1266 in
469 1200 587 1268 Caium
609 1221 753 1266 numero
772 1201 979 1282 interemtis,
1003 1197 1148 1291 exempli

115 1303 201 1375 simul
217 1330 337 1392 causa,
355 1326 390 1378 et
400 1308 495 1403 quod
511 1333 605 1381 suem
623 1333 758 1403 quoque
772 1309 899 1378 oaedem
914 1307 1150 1402 depoposcisse

99 1413 314 1506 'cognoverat
327 1422 515 1488 Conversus
529 1417 608 1486 hinc
623 1417 665 1486 ed
685 1417 795 1486 officie
812 1421 961 1512 pietatis,
980 1417 1149 1512 jusjuran-

113 1522 182 1592 dum
191 1549 306 1620 neque
319 1530 466 1598 sanctius
477 1526 558 1609 sibi,
572 1552 684 1622 neque
696 1527 863 1612 erebrius,
875 1530 1033 1610 instituit,
1047 1551 1150 1628 quam

113 1638 182 1702 PER
203 1641 482 1711 AUGUSTUM2.
508 1641 599 1710 Aviae
624 1639 726 1709 Liviae
751 1637 883 1707 divinos
905 1637 1089 1717 honores3,
1116 1655 1150 1706 et

112 1748 250 1813 circensi
267 1771 393 1840 pompa
409 1773 547 1816 currum
566 1747 837 1840 elephantorum,
857 1751 1043 1842 Augustino
1058 1749 1149 1818 simi-

112 1853 199 1937 lent,
218 1855 434 1924 decernenda
453 1860 590 1925 curavit.
612 1858 809 1926 Parentibus
828 1859 961 1926 inferias
980 1855 1149 1950 publicas,

113 1981 140 2030 et
152 1963 213 2034 hoc
232 1966 397 2059 amplius,
411 1970 497 2060 patri
513 1971 685 2064 Circenses
702 1992 832 2036 annuos
847 1966 951 2036 natali
965 1967 1032 2050 die;
1050 1969 1149 2037 matri
1175 2049 1180 2064 Ι

110 2080 338 2170 cerpenmm5,
359 2103 427 2173 quo
449 2104 511 2173 per
534 2083 669 2148 Circum
692 2079 881 2162 duceremr,
903 2097 939 2148 et
960 2101 1147 2170 cognomen

110 2191 275 2278 Augustae,
291 2189 333 2256 ab
347 2192 421 2257 viva
433 2189 655 2258 recusetum⁶.
674 2189 724 2256 Ad
735 2190 845 2256 fratris
858 2189 1070 2271 memorium,
1085 2211 1146 2280 per

110 2387 287 2458 distributum,
302 2406 410 2447 auctoru
423 2395 526 2460 Dione,
540 2394 601 2461 Lx,
645 2408 766 2458 nostrum
787 2393 878 2449 locum
900 2389 1062 2449 accusandi:
1087 2389 1147 2445 vide

111 2483 145 2520 ta.
157 2468 229 2522 Edit.
244 2469 330 2524 Plant.
339 2471 374 2522 ed
385 2489 467 2542 marg.
481 2469 528 2524 dat
537 2491 601 2544 qua·
644 2475 732 2524 Burm.
741 2473 864 2526 Ceterum
873 2469 957 2537 idem,
968 2488 1046 2542 quem
1056 2470 1147 2522 Sueto·

23 2609 25 2624 Ι
109 2555 184 2612 ΨΜ,
194 2562 227 2604 ut
239 2563 319 2604 antea
330 2563 445 2604 ernnust
453 2568 504 2621 pro
514 2569 602 2606 orme-
644 2553 705 2604 nius
717 2551 796 2618 dicit,
809 2549 923 2602 tributus
932 2547 1020 2600 honos
1029 2546 1149 2600 Drusillae

109 2637 153 2694 tes,
162 2643 307 2702 utrumque
318 2632 417 2702 inepte.
645 2634 731 2686 sorori
742 2650 759 2684 e
770 2627 889 2702 Caligula
901 2627 982 2700 (Dio,
996 2629 1070 2698 LIX,
1085 2626 1147 2698 13),

136 2709 176 2760 lll.
189 2727 213 2762 t.
228 2711 358 2764 Omnium
367 2711 483 2784 itaque...
495 2711 601 2764 oblivio·
645 2725 672 2764 et
691 2711 823 2764 Pertinaci
843 2731 858 2764 a
880 2709 977 2763 Severo
998 2705 1145 2782 (xiphilin.

89 2855 93 2865 1
110 2807 208 2842 tm...
220 2791 400 2861 pmttititssi.
411 2791 557 2858 Dicunt,
569 2793 599 2854 ὃς
644 2789 759 2858 LXXIV,
771 2790 818 2862 4);
832 2791 904 2842 conl.
917 2785 1044 2842 scheller.
1056 2785 1091 2837 dc
1108 2786 1146 2838 lte

106 2868 175 2921 Oros.
185 2873 253 2936 vu,
266 2870 300 2936 6,
314 2869 348 2924 de
361 2869 412 2926 hec
422 2871 542 2939 esent,
553 2871 600 2927 do·
644 2869 736 2922 Vehic.
749 2872 786 2938 11,
803 2888 844 2942 ¹7·

108 2948 335 3004 ctediuerentem.
680 2949 707 3002 ⁵.
726 2949 809 3001 Matri
823 2957 988 3019 carpenum,
1004 2959 1054 2998 etc.
1069 2945 1147 2994 Pror-

137 3046 159 3080 2·
175 3031 233 3084 Per
242 3029 404 3103 Atqmmr
418 3033 472 3084 eive
485 3049 535 3103 per
547 3033 600 3086 Ge-
645 3047 690 3082 etta
700 3027 809 3094 similia,
820 3045 878 3100 quc
891 3026 1009 3099 Caligula
1021 3025 1148 3090 instituit,

107 3108 304 3180 nithngnsti.
318 3109 360 3164 Cf.
373 3108 405 3164 ad
417 3111 500 3180 Calig.
514 3129 555 3180 η.
645 3123 753 3162 uectore
766 3109 882 3174 Nostro,
899 3127 922 3158 c.
939 3107 985 3172 15,
1004 3105 1147 3156 elnferios·

141 3188 163 3240 3.
182 3187 266 3240 La'vt'oe
285 3188 387 3240 divinoe
408 3189 529 3254 horrores,
550 3199 600 3240 ete.
644 3187 746 3258 quehis
757 3206 844 3240 annua
854 3183 980 3262 religione
990 3183 1097 3258 publice
1108 3185 1146 3233 in·

106 3281 166 3336 quoa
185 3265 364 3337 prohibuerat
384 3265 505 3320 Tiberius
526 3265 599 3336 (Tib.
645 3267 743 3334 stituit,
754 3279 821 3318 eteo
832 3264 944 3336 amplius
953 3265 1033 3326 matri
1046 3263 1146 3314 Circen·

105 3343 152 3414 51).
162 3346 203 3398 ne
212 3345 275 3398 loeo
286 3361 378 3400 nocuo
388 3348 423 3398 of.
433 3348 496 3412 nto,
503 3347 564 3410 Lx,
574 3347 599 3406 5,
643 3363 692 3412 ses,
708 3355 925 3418 carpentemque,
943 3363 996 3415 quo
1008 3343 1035 3394 in
1047 3360 1146 3414 pompa

135 3424 159 3490 ⁴.
177 3425 293 3478 cerum
311 3423 527 3495 elephantorum,
543 3425 600 3478 Aac·
645 3421 831 3490 traduceretur,
843 3446 854 3468 ι
878 3423 925 3494 qui
943 3421 1048 3496 quidem
1071 3420 1147 3472 locus

104 3505 200 3575 pustino
210 3501 334 3560 similate.
350 3501 463 3557 Cntmm
474 3503 600 3573 Augusti,
644 3501 784 3555 confirmat
796 3501 937 3554 lectionem
948 3514 1066 3553 nostram
1078 3519 1129 3575 quo
1136 3536 1145 3562 ,

103 3586 142 3637 eui
153 3598 270 3655 quatuor
278 3581 415 3654 elephanti
424 3599 485 3637 outn
495 3584 601 3637 rectori·
644 3580 701 3636 scil.
710 3583 799 3634 matris
807 3579 975 3634 simulacrum
985 3599 1033 3652 per
1041 3579 1144 3632 Circum

104 3662 149 3716 but
162 3666 263 3733 iuncti,
280 3661 388 3716 cxhdiet
397 3681 509 3728 numus,
524 3663 600 3717 al'a·
644 3661 795 3729 duceretur,
806 3679 857 3734 pro
870 3660 940 3733 vulg.
954 3659 1030 3734 quod.
1042 3661 1081 3711 De
1092 3677 1145 3710 car·

104 3742 155 3794 tino
165 3743 202 3794 ud
215 3741 242 3796 lt.
256 3742 274 3794 l.
289 3739 475 3796 illustrandum
488 3739 600 3806 allatus,
641 3753 721 3814 ponto
731 3740 790 3794 vide
799 3760 876 3814 quem
884 3739 921 3792 ibi
928 3743 984 3810 jam
994 3739 1144 3802 citavimus,

102 3823 309 3892 iutcn'poueqtte,
321 3820 389 3872 Diuo
401 3819 517 3893 Aufusti>
527 3819 555 3872 S.
565 3820 598 3873 P.
643 3819 715 3894 Lips.
729 3818 764 3873 od
772 3819 855 3872 Tacit.
868 3817 964 3872 Annal.
974 3819 1038 3883 Xll,
1049 3817 1098 3884 4²³
1110 3831 1145 3868 at·

104 3902 131 3966 Q.
151 3903 182 3953 ll.
204 3902 281 3953 liviae
299 3913 388 3952 auten
403 3912 562 3970 carpentum
583 3917 599 3952 e
644 3917 695 3970 que
706 3901 815 3952 omnino
827 3897 861 3952 de
870 3918 899 3950 re
908 3899 987 3951 Dion.
998 3897 1056 3966 LX,
1069 3895 1095 3950 5.

102 3979 164 4050 lt'zit
186 3999 320 4036 oemrum
346 3994 458 4034 tractum
484 3977 600 4035 ostendit
679 3980 704 4032 6.
732 3980 772 4032 At
795 3980 853 4032 viva
873 3991 1026 4032 mouentum.
1049 3980 1090 4030 lte
1112 3995 1143 4026 ex

105 4057 600 4129 muedeconeeceauonettviaeapud
644 4057 824 4111 emendatione
842 4057 925 4131 lipsii
940 4057 974 4110 ad
987 4057 1072 4108 Tacit.
1091 4055 1143 4103 An-

107 4139 208 4192 Gutltcr.
224 4141 257 4190 tle
273 4142 337 4192 lure
356 4139 428 4190 Mun.
441 4159 464 4190 c.
479 4139 533 4192 θοι
549 4137 598 4200 25,
643 4137 695 4190 nal.
706 4143 731 4204 1,
743 4140 773 4205 8,
783 4152 809 4190 et
819 4137 947 4189 llerduiu.
959 4135 1065 4188 adPlin.
1075 4133 1141 4182 llist.

104 4220 145 4288 qui
156 4223 325 4274 occasionem
335 4219 397 4272 inde
409 4221 493 4290 cepit,
506 4219 597 4272 redolet
644 4219 704 4269 Nat.
726 4219 782 4283 XV,
800 4218 833 4270 30
845 4214 925 4283 (lo),
943 4211 1070 4268 edidimus
1082 4229 1144 4264 cutn
