3076 5146
443 532 694 600 excussus
717 535 822 599 xnt.
1093 543 1158 630 493

105 659 312 732 explicationem
327 655 409 728 hujus
425 658 478 710 loci
491 657 595 710 videtur
608 657 678 725 hoc,
695 660 768 732 quod
781 660 933 732 repudiatio
950 665 1073 718 Domitia
1088 668 1158 720 facta

105 736 367 792 diciturintcrint'tia
379 736 482 808 imperii
489 759 497 788 .·
513 755 570 808 quae
581 737 661 790 verbs
673 741 804 791 nonsatis
816 740 959 794 attendisse
970 743 1094 796 videntur
1102 747 1159 796 Viri

104 809 189 884 docti:
204 819 272 870 Nam
284 818 307 868 si
318 814 465 868 secundum
479 815 646 870 consulatum
660 818 694 870 de
706 819 842 872 ordinario
857 821 974 873 secundo
987 826 1120 894 capimus,
1132 839 1158 877 et

104 900 219 952 alterurn
230 916 329 949 annum
342 895 376 949 de
388 895 471 948 altero
484 916 556 948 anno
568 911 630 969 post
642 900 808 952 consulatum
821 901 967 954 secundnm
979 903 1156 969 ordinarium,

103 979 248 1032 divortium
268 977 301 1029 ad
319 979 456 1029 minimum
475 976 545 1030 cadit
563 981 591 1030 in
610 982 715 1032 tertium
738 995 836 1034 annum
855 984 960 1054 imperii
977 986 1156 1038 Domitiauei:

104 1057 181 1130 quod
195 1057 330 1109 mihi'non
343 1055 447 1108 videtur
461 1060 524 1110 satis
538 1060 680 1112 convenire
691 1059 778 1112 verbis
788 1061 860 1126 istis,
873 1061 941 1113 inter
953 1063 1028 1114 initia
1043 1065 1154 1137 imperii

102 1139 194 1210 Atque
204 1156 253 1208 ego
268 1155 323 1187 non
338 1137 448 1207 ignoro,
463 1137 512 1188 ista
525 1137 605 1188 verba
618 1138 698 1189 modo
713 1138 809 1204 latins,
821 1139 901 1192 modo
916 1143 1052 1210 angustius
1064 1155 1156 1213 patere

102 1216 178 1289 apud
190 1219 348 1288 scriptores:
362 1215 409 1270 sed
421 1229 508 1268 tamen
519 1217 591 1288 apud
603 1217 758 1271 Suetonium
772 1219 827 1270 iere
838 1218 872 1271 de
883 1222 968 1291 primo
981 1240 1051 1273 anno
1062 1220 1156 1274 dicun-

102 1311 156 1350 tur.
172 1299 220 1368 sie,
229 1298 255 1348 in
271 1295 365 1350 Claud.
378 1314 401 1347 c.
414 1314 447 1367 7,
463 1296 539 1349 «Sub
551 1298 632 1364 Caio,
644 1299 731 1351 fratris
744 1299 815 1364 lilio,
829 1299 972 1352 secundam
985 1293 1155 1355 existimdtio-
1169 1356 1175 1370 ¹

101 1396 165 1430 nem
178 1379 248 1430 circa
258 1379 332 1428 initia
342 1378 446 1446 imperii
460 1377 584 1430 omnibus
598 1377 736 1431 lenociniis
748 1379 903 1450 colligente5
914 1403 925 1427 r
937 1379 985 1432 ubi
995 1383 1096 1453 primus
1106 1400 1154 1434 au·

101 1478 155 1512 nus
169 1455 368 1528 intelligendus.
384 1457 462 1510 Coni.
477 1458 560 1524 inira,
574 1477 598 1510 c.
614 1476 631 1529 9
645 1461 703 1511 init.

138 1537 220 1606 Quod
233 1539 254 1590 si
267 1539 310 1588 cui
321 1535 377 1589 hec
388 1539 469 1603 ratio,
484 1556 501 1589 a
512 1538 589 1590 nobis
602 1538 746 1608 explicata,
759 1557 813 1590 non
825 1539 945 1612 placeat,
957 1540 1046 1612 quoad
1061 1553 1152 1612 poste·

101 1619 202 1670 riorem
216 1615 316 1669 scilicet
335 1630 450 1688 partem,
467 1617 500 1669 de
516 1617 639 1687 Augustae
656 1617 835 1689 appellatione
853 1617 931 1690 (nam
948 1623 1063 1691 priorem
1081 1621 1153 1674 illam

101 1711 204 1750 certam
218 1697 352 1768 putamus)
357 1719 367 1762 3
379 1698 401 1748 is
412 1698 511 1768 poterit
523 1697 600 1748 etiam
614 1698 651 1748 sic
659 1697 760 1766 legeret
776 1699 956 1764 «Domitiam,
969 1717 1001 1751 ex
1010 1719 1061 1772 qua
1073 1702 1101 1751 in
1111 1719 1153 1752 se-

101 1777 194 1831 cundo
207 1777 347 1830 consulatu
358 1777 440 1841 lilium
452 1776 564 1844 tulerat,
576 1776 711 1848 alteroque
725 1797 795 1830 anno
810 1798 859 1832 suo
874 1778 1085 1832 consalutaverat
1097 1783 1153 1834 Au·

99 1872 246 1930 gustam...
262 1855 419 1928 repudiarit.
430 1879 442 1903 ι
459 1856 561 1924 Nempe
575 1855 641 1908 illud
653 1873 715 1923 suo,
735 1855 808 1928 quod
821 1876 916 1928 parurn
931 1857 1035 1928 elegans
1050 1873 1089 1911 est
1103 1879 1152 1926 eo,

102 1957 183 2012 quern
197 1937 313 2002 obtinet,
326 1936 404 2002 loco,
417 1938 504 2007 potuit
518 1955 548 1987 ex
562 1935 615 1987 hoc
629 1935 706 2002 loco,
722 1954 800 2006 quern
816 1939 839 1987 ei
852 1939 878 1998 iu
893 1936 945 1988 hac
959 1937 1072 1990 lectione
1084 1942 1151 1991 assi-

100 2037 230 2091 gnamus,
242 2020 367 2089 migrasse
379 2019 406 2067 in
418 2017 589 2088 superiorem.
603 2015 692 2070 Altero
703 2035 775 2069 antro
785 2037 846 2082 suo,
858 2015 974 2088 intellige
985 2019 1070 2070 altero
1079 2037 1151 2071 anno

100 2101 205 2172 imperii
214 2099 383 2150 Domitianei.
393 2097 511 2148 Dicimus
518 2097 614 2168 primo,
624 2095 745 2162 secundo,
756 2109 806 2148 etc.
816 2116 887 2149 anno
900 2084 1008 2166 Tiberii,
1020 2098 1090 2166 Caii,
1099 2111 1149 2151 etc.

99 2196 153 2253 pro¹
163 2180 268 2251 imperii
278 2177 428 2246 Tiberiani,
444 2191 493 2229 etc.
506 2196 555 2228 cur
569 2196 622 2229 non
635 2180 713 2230 etiam
727 2176 830 2228 dicatur
842 2179 988 2248 lmperator
1000 2177 1098 2250 aliquid
1111 2181 1151 2231 fe·

100 2260 168 2312 cisse
177 2258 260 2310 altero
270 2276 341 2311 anno
352 2259 416 2309 suo?
427 2258 514 2328 Atque
526 2256 562 2307 ita
575 2256 715 2308 Suetonius
727 2257 753 2306 in
764 2255 935 2307 concordiam
947 2255 1078 2326 redigetur
1090 2275 1151 2308 cum

99 2338 235 2391 Chronico
244 2337 408 2404 Eusebiauo,
420 2337 492 2408 quod
502 2338 529 2386 in
540 2335 624 2388 altero
635 2336 736 2406 imperii
746 2336 906 2387 Domitianei
917 2355 987 2387 atino
999 2339 1074 2407 ponit
1084 2337 1149 2390 boo:

98 2418 250 2474 Domitiani
264 2436 330 2470 uror
340 2417 457 2491 Angusta
469 2415 611 2489 appellata.
626 2419 687 2468 llaec
700 2418 767 2467 ratio
780 2418 801 2468 si
813 2415 951 2487 probetur,
962 2418 1035 2469 initia
1047 2418 1151 2489 imperii

97 2498 193 2571 paullo
207 2496 302 2560 latius,
320 2495 353 2547 de
368 2497 458 2566 primis
471 2496 575 2565 imperii
588 2496 663 2546 annis
675 2533 683 2562 ,
697 2494 825 2565 capienda
839 2510 908 2548 sunt.
923 2497 1081 2549 Accuratius
1097 2497 1150 2550 boo

15 2597 20 2612 ·
99 2576 212 2630 delinire
225 2575 332 2640 liceret,
344 2577 366 2627 si
379 2575 472 2627 Dionis
484 2573 551 2626 liber
562 2576 663 2645 integer
674 2587 797 2641 restaret,
813 2587 858 2638 ut,
874 2593 927 2645 quo
939 2594 1010 2627 anno
1025 2579 1094 2628 Paris
1108 2580 1150 2629 iu-

97 2659 226 2711 terfectus
238 2670 322 2722 esset,
335 2658 401 2708 scire
411 2673 557 2728 possemus.
571 2657 658 2725 Atque
668 2673 721 2706 non
733 2653 851 2724 negabo,
865 2655 928 2707 milri
938 2654 1007 2708 hanc
1020 2659 1149 2712 rationem

97 2727 194 2790 melius
210 2736 317 2808 placere
336 2736 380 2788 illa
397 2737 539 2807 superiori,
555 2750 697 2808 propterea
715 2735 788 2808 quod
800 2736 966 2788 Domitianus
981 2756 1038 2789 earn
1053 2739 1150 2791 dicitur

97 2808 310 2872 consalutavisse¹
321 2819 483 2887 Angustam,
498 2816 570 2889 quod
584 2815 627 2867 ille
644 2816 747 2881 facere,
763 2816 814 2866 nisi
827 2817 969 2887 princeps,
983 2836 1036 2869 non
1052 2823 1148 2890 potuit.

96 2897 162 2948 Enn.
181 2896 265 2947 Etiam
278 2896 305 2945 in
319 2893 370 2946 ltuc
385 2893 565 2966 disputatione
579 2895 647 2946 veris
661 2908 687 2946 et
700 2893 777 2945 bonis
792 2894 907 2946 admixta
921 2910 981 2948 sunt
993 2897 1074 2964 falsa,
1090 2917 1148 2968 quae

97 2989 189 3029 tamen
201 2974 352 3045 singulatim
364 2974 485 3026 refellere
500 2973 566 3026 nibil
579 2975 672 3025 attinet
684 2974 711 3025 in
725 2973 799 3040 loco,
811 2976 857 3043 qui
869 2976 908 3024 vix
922 2975 955 3026 ad
967 2989 1063 3028 certam
1080 2991 1105 3028 ct
1118 2978 1147 3029 li·

97 3055 208 3127 quidam
217 3057 346 3106 rationem
355 3055 437 3124 redigi
449 3073 527 3126 posse
538 3052 666 3106 videatur.
675 3055 720 3105 Est
731 3057 798 3104 enin·
809 3051 968 3117 mendosus,
980 3057 1037 3106 etin
1047 3059 1146 3126 optimo

96 3135 159 3188 cod.
173 3136 283 3206 margini
294 3134 469 3207 adscriptum,
483 3135 560 3187 Deest
570 3133 682 3206 aliquid.
693 3132 742 3185 Sed
756 3131 807 3184 lroc
818 3132 920 3204 aliquid
928 3136 991 3184 satis
1000 3134 1148 3204 probabili-

96 3229 137 3269 ter
153 3215 261 3287 supplet
279 3214 498 3285 Oudendorpius,
519 3232 550 3265 ex
569 3212 640 3266 MSS.
660 3213 775 3281 vestigiis
793 3212 830 3263 sio
848 3209 1008 3263 scribendo:
1023 3215 1146 3268 *Deinde

95 3315 206 3348 uxorem
221 3297 380 3361 Domitiam,
394 3313 425 3346 ex
438 3313 490 3364 qua
505 3295 532 3345 in
546 3293 664 3345 secundo
677 3311 726 3343 suo
738 3290 877 3342 consulatu
892 3289 971 3342 filiam
983 3291 1093 3360 tulerat,
1108 3295 1147 3347 al-

96 3389 207 3448 teroque
220 3393 289 3428 auno
304 3375 402 3440 lilium,
421 3391 452 3425 ac
469 3373 682 3425 consalutaverat
699 3373 861 3442 Augustam,
880 3369 1007 3437 eandem,
1026 3386 1099 3425 etc.»
1115 3380 1146 3428 ln

96 3455 215 3508 seeundo
228 3454 385 3519 consulatu,
402 3455 455 3505 sive
468 3455 553 3523 primo
567 3451 700 3504 ordinario
713 3471 736 3503 a.
750 3451 812 3503 Chr.
824 3451 875 3505 826
886 3453 977 3520 genuit
990 3450 1085 3518 liliam,
1099 3474 1147 3507 cu-

92 3537 136 3606 jus
154 3537 282 3587 memoria
298 3536 404 3586 interiit.
419 3532 497 3584 conf.
514 3533 646 3584 Draltenb.
665 3532 699 3584 ad
716 3530 822 3597 Silium,
841 3532 892 3595 lll,
912 3531 973 3599 629.
993 3532 1044 3584 sed
1063 3533 1144 3588 altero

95 3633 183 3675 anno,-
195 3632 250 3664 non
263 3613 296 3665 ab
310 3612 355 3664 illo
370 3611 526 3678 consulatu,
540 3611 585 3663 sed
601 3611 682 3662 altero
696 3628 765 3661 anno
773 3608 934 3682 principatus
944 3609 992 3680 (de
1007 3630 1087 3682 quoa
1101 3632 1145 3666 ca-

95 3694 156 3765 pitis
170 3695 246 3744 initio
257 3694 338 3764 coepit
352 3711 430 3762 agere
444 3690 577 3760 Auctor),
584 3689 676 3763 filium
693 3691 812 3760 accepit,
829 3709 924 3760 nempe
939 3709 1000 3741 ann.
1017 3692 1082 3759 835,
1096 3713 1143 3746 eo-

95 3772 210 3843 demque
222 3791 293 3823 anno
310 3790 418 3823 uxorem
431 3771 644 3823 consalutaverat
658 3773 818 3840 Augustam,
838 3781 863 3821 et
879 3769 981 3823 Censor
996 3785 1035 3823 est
1048 3773 1142 3825 lactus.

94 3853 128 3902 At
141 3853 232 3904 inians
244 3850 286 3903 ille
300 3852 372 3902 brevi
386 3864 505 3902 mortuus
516 3864 542 3902 et
554 3861 723 3901 consecratus
741 3861 795 3914 est,
810 3849 943 3921 Dinusque
954 3851 1064 3920 Augusti
1066 3850 1144 3922 filius

95 3930 198 3982 dictus:
220 3930 292 4003 quod
312 3932 383 3984 clare
399 3942 473 4003 patet
490 3948 521 3981 ex
537 3927 673 3995 Martiale,
693 3947 740 3999 per
757 3928 885 4002 Graeviurn
903 3930 999 3994 citato,
1018 3943 1043 3980 et
1057 3933 1142 3982 nuruis
1162 3932 1165 3942 '

96 4013 302 4064 consecrationis
316 4014 373 4083 ejus
389 4012 486 4062 multis.
500 4012 603 4081 lnspicc
620 4023 715 4080 praeter
729 4007 794 4061 alios
807 4008 977 4061 Scheuchzer.
991 4011 1016 4060 in
1031 4012 1140 4063 bliscell.

94 4093 165 4163 lips.
180 4091 233 4143 vol.
248 4094 300 4155 lx,
314 4110 376 4162 pag.
391 4109 449 4143 aar.
467 4092 610 4142 Domitiam
625 4109 687 4141 vero
700 4108 753 4141 nou
770 4102 832 4140 ante
842 4089 895 4140 Titi
910 4101 1037 4154 mortem,
1054 4109 1141 4164 neque

96 4170 180 4239 primo
194 4170 338 4221 Domitiani
349 4171 512 4241 principatus
528 4187 612 4233 anno,
625 4170 679 4220 sive
693 4187 755 4219 ann.
773 4167 839 4235 834,
857 4166 903 4218 sed
919 4165 1001 4218 altero
1019 4168 1139 4222 declara-

96 4261 147 4298 tam
163 4267 221 4302 esse
239 4253 403 4320 Augustam,
423 4249 502 4302 docet
516 4247 653 4302 Eusebius.
673 4249 714 4301 Sic
731 4249 818 4298 omnia
837 4260 913 4297 erunt
930 4245 1054 4300 dilucida.
1070 4250 1103 4301 At
1118 4254 1139 4303 si
1170 4291 1176 4308 ,
