3068 5144
381 532 452 615 ,ιιι
545 527 615 572 *²²¹¹
758 534 1051 602 c'sunronn

378 683 498 753 pressa
511 683 566 728 res
577 678 646 743 est,
659 665 821 730 revocatis
833 663 876 731 ad
886 664 1036 732 officium
1052 669 1223 736 numen'st
1234 693 1430 764 parumper.

379 774 550 852 Ceterum,
558 769 731 863 divulgato
740 773 841 854 facto,
852 773 1007 842 Tiberius
1018 774 1206 848 Alexander
1214 781 1239 860 ⁵,
1248 782 1429 851 Praefectus

378 886 528 977 AEgypti,
548 884 677 975 primus
695 885 732 950 in
748 884 851 951 ve'rba
867 888 1063 978 Vespasiani
1079 886 1227 979 legiones
1241 889 1356 984 adegit
1368 899 1430 961 Ka-

377 992 486 1062 lendis
498 999 517 1061 J
520 991 596 1060 uliis
607 1020 615 1060 2
625 996 683 1088 qui
694 997 903 1088 principatus
915 996 986 1064 dies
998 1000 1033 1064 in
1045 1015 1219 1090 posterum
1228 1001 1428 1072 observatus

376 1120 439 1172 est.
459 1102 618 1171 Judaicus
640 1103 763 1171 deinde
785 1106 951 1172 exercitus
971 1108 1090 1199 quinto
1109 1106 1189 1175 ldus
1208 1108 1316 1178 Julias
1337 1112 1429 1204 apud

374 1217 487 1308 ipsum
503 1211 663 1306 juravit⁶.
684 1212 872 1282 Plurimum
896 1219 1012 1308 coeptis
1031 1215 1249 1286 conuilernnt
1262 1217 1428 1313 jactatum

373 1325 547 1419 exemplar
565 1325 733 1418 epistolae,
747 1350 857 1409 verte,
872 1331 942 1395 sive
961 1326 1073 1410 falsae,
1092 1329 1265 1399 defuneti⁷
1282 1332 1427 1403 Othonis

371 1436 415 1505 ad
425 1438 685 1529 Vespasianum,
697 1450 845 1503 extrema
855 1434 1076 1505 obtestatione
1085 1437 1249 1507 ultionem
1261 1440 1426 1512 mandan-

371 1551 430 1630 tis,
445 1564 493 1629 et,
508 1563 548 1614 ut
561 1546 764 1640 Reipublicae
780 1549 988 1634 subveniret,
1003 1553 1150 1642 optantis
1165 1579 1173 1618 :
1193 1552 1294 1620 simul
1309 1555 1443 1623 rumor'

371 1657 589 1750 dissipatusfl,
607 1656 792 1728 destinasse
807 1661 968 1728 victorem
980 1659 1149 1729 Vitellium
1166 1681 1363 1755 permutare
1374 1665 1424 1734 hi·

405 1846 430 1912 4.
450 1848 587 1908 Νιιιιιεήι,·
599 1846 627 1898 id
639 1862 691 1913 est,
704 1847 872 1917 cohortibus,
917 1851 1023 1902 clauum
1041 1867 1072 1902 ac
1087 1861 1188 1921 patrem
1205 1854 1355 1905 nuncius.»
1372 1856 1423 1905 Vc·

368 1924 409 1977 vel
421 1927 523 1997 potius,
537 1927 654 1978 numeris
667 1926 793 1994 militum,
806 1941 873 1998 quot
917 1930 1013 1980 riorem
1023 1930 1107 1980 Taciti
1117 1928 1150 1980 de
1161 1929 1203 1980 die
1212 1931 1346 1982 rationem
1356 1949 1421 1997 csse,

369 2003 419 2056 sub
445 2022 499 2056 uno
524 2003 644 2054 Tribuno
669 2017 764 2074 erant,
787 2006 870 2059 Graec.
916 2025 1008 2058 omnes
1018 2009 1204 2072 consentiunt,
1219 2007 1422 2062 etdemonstra·

368 2082 487 2150 ι’ριθμιῒς.
512 2081 590 2134 Couf.
613 2080 750 2134 Soaomen.
772 2085 871 2136 Hister.
915 2087 1076 2156 vitPagius,
1096 2086 1159 2138 Giit.
1176 2088 1272 2138 Boron.
1288 2087 1324 2139 ad
1345 2090 1377 2141 A.
1391 2089 1420 2142 C.

367 2161 438 2213 Eccl.
457 2165 482 2225 1,
500 2161 529 2223 8;
547 2162 669 2214 Torrent.
691 2161 726 2213 ad
743 2162 815 2215 hunc
832 2162 870 2215 lo·
916 2180 965 2234 79;
980 2165 1114 2215 Emestius
1129 2166 1206 2216 etiam
1224 2167 1251 2216 in
1267 2180 1369 2219 textum
1380 2187 1422 2220 rc·

367 2261 444 2304 cum;
457 2241 574 2294 Turneb.
589 2240 697 2294 Advers.
713 2245 806 2309 XXlV,
822 2244 869 2308 363
915 2246 986 2313 cepit
994 2244 1092 2296 Nonas.
1100 2243 1150 2296 Sed
1161 2264 1235 2296 error
1244 2245 1351 2298 videtur
1359 2248 1422 2300 Suc·

366 2324 469 2374 Ernest.
483 2322 555 2374 Clas.
568 2322 689 2375 Ciceron.
701 2323 751 2376 sub
763 2323 814 2375 hoc
826 2344 870 2375 vo·
913 2325 981 2374 tonii
1001 2341 1072 2388 esse,
1086 2341 1142 2376 non
1158 2322 1342 2390 librariorum,
1358 2345 1421 2398 pro-

366 2402 426 2454 cab.
441 2401 492 2454 Alii
504 2405 594 2473 inepta
607 2402 752 2474 tautologia
764 2404 799 2456 ad
807 2402 869 2477 offi-
914 2402 1000 2454 iectus
1012 2402 1125 2454 fortasse
1137 2420 1169 2454 ex
1182 2404 1226 2468 iis,
1242 2423 1299 2476 quae
1311 2407 1420 2458 Tacitus

366 2483 435 2534 cium
449 2484 569 2535 muneris,
915 2479 993 2546 dixit,
1005 2499 1029 2532 c.
1046 2481 1090 2546 81,
1105 2504 1116 2528 ιι
1127 2484 1196 2534 Ante
1204 2482 1267 2534 Idus
1276 2483 1335 2536 Jttl.
1347 2485 1420 2556 Syria

401 2561 426 2614 5.
447 2563 603 2612 Ceterum...
624 2561 738 2614 Tiberius
750 2561 869 2614 Alexan·
913 2562 999 2612 omnis
1008 2559 1036 2611 iu
1047 2560 1141 2613 eodem
1153 2577 1324 2614 sacramento
1335 2563 1418 2615 fnit.-

365 2641 420 2706 der,
434 2655 483 2693 etc.
494 2643 578 2693 Tacit.
591 2642 628 2708 11,
641 2644 691 2712 74,
707 2642 868 2694 aPraeiectus
913 2641 1036 2692 Ceterum
1050 2638 1084 2692 de
1100 2660 1129 2693 re
1143 2643 1200 2713 ipsa
1218 2641 1291 2694 conf.
1307 2642 1418 2714 Josepb.

365 2723 485 2794 Egypti,
499 2719 620 2773 Tiberius
631 2721 790 2788 Alexander,
802 2741 869 2776 con·
912 2718 976 2770 Rell.
989 2719 1051 2772 tud.
1066 2722 1111 2784 IV,
1127 2735 1173 2787 ιο,
1186 2721 1212 2786 d.

366 2797 424 2851 silla
443 2801 620 2852 sociaveram
637 2803 702 2869 Cap.
723 2818 771 2870 79,
792 2802 868 2852 «lni-
948 2816 973 2868 7.
992 2797 1130 2868 Defuneti.
1143 2797 1252 2851 Addidit
1270 2797 1325 2851 hoc
1339 2819 1419 2854 voca·

366 2879 431 2930 tium
446 2878 550 2930 ferendi
563 2878 598 2930 ad
608 2878 801 2948 Vespasianum
815 2880 867 2929 irn-
912 2874 1004 2927 bulum
1018 2876 1052 2928 ad
1066 2890 1170 2948 tempus
1182 2877 1335 2929 accuratius
1349 2877 1419 2929 desi·

365 2959 433 3029 perii
453 2956 615 3009 Alexandria
636 2969 767 3027 coeptum,
792 2957 867 3008 festi·
911 2955 1057 3024 guandum.
1071 2958 1118 3008 Est
1133 2975 1228 3028 nempe
1240 2955 1290 3008 illo
1304 2967 1419 3026 tempore

365 3049 447 3088 nante
456 3035 564 3088 Tiberio
574 3035 738 3102 Alexandra,
751 3037 797 3107 qui
807 3035 866 3086 llal.
903 3036 964 3104 jam
982 3034 1107 3105 defuncti.
1121 3035 1229 3088 Obierat
1241 3033 1316 3088 Otho
1329 3053 1418 3088 meme

365 3112 417 3165 Jul.
429 3128 593 3166 sacramento
608 3116 665 3183 ejus
680 3113 797 3184 legiones
809 3113 869 3165 ade·
911 3110 1003 3182 Aprili.
1023 3113 1064 3166 Cf.
1081 3112 1114 3164 ad
1131 3113 1232 3167 othon.
1253 3130 1295 3164 ιι.
1314 3143 1351 3154 -
1367 3117 1417 3166 Pro

365 3195 525 3262 git-Hunc
537 3193 673 3245 Tiberium
686 3192 866 3246 Alexandrum
910 3191 1039 3262 optantis,
1066 3191 1146 3262 pauci
1170 3190 1317 3254 hortantis,
1346 3191 1417 3263 quod

365 3269 866 3338 liliumfuisseAlexandri,Alabarchae
911 3269 1004 3324 melius
1027 3269 1077 3322 sibi
1096 3273 1181 3323 risum
1201 3288 1331 3341 recepere
1352 3273 1417 3323 Bur·

365 3351 540 3417 Alexandriae,
552 3365 576 3403 et
588 3371 602 3402 a
617 3352 728 3402 Judaica
740 3351 866 3423 religione
911 3367 998 3401 mann.
1015 3363 1042 3401 et
1056 3351 1199 3403 Ernestius.

365 3428 514 3496 descivisse,
521 3429 726 3501 narratJoseph.
735 3433 796 3485 Ant.
803 3430 865 3484 Jud.
947 3430 973 3481 8.
990 3428 1078 3482 Simul
1093 3445 1182 3480 rumor
1191 3427 1349 3499 dissipatus,
1366 3443 1415 3482 etc.

364 3507 428 3573 XX,
441 3509 472 3574 5,
485 3528 509 3561 ι.
910 3508 995 3560 Tacit.
1014 3508 1082 3559 Hist.
1099 3509 1139 3571 ll,
1155 3505 1206 3558 80:
1227 3506 1323 3560 :Nihil
1342 3527 1416 3581 aeque

400 3587 425 3640 6.
447 3587 610 3640 Judaieus...
631 3591 755 3641 exercitus
774 3591 865 3662 quinto
910 3589 1416 3658 provinciamexereitumqueaccendit,

364 3667 427 3718 Idus
445 3668 566 3718 Julius...
577 3670 687 3738 juravit.
702 3669 786 3720 Tacit.
807 3669 824 3719 l.
840 3686 862 3719 c.
911 3687 988 3738 quam
1000 3667 1071 3739 quod
1082 3660 1249 3719 asseverabat
1258 3669 1416 3736 Mucianus,

363 3748 467 3817 pergit:
486 3749 582 3818 ·isque
596 3745 708 3816 (nempe
721 3747 780 3798 Kal.
795 3747 865 3819 Jul.)
910 3747 1031 3798 statuisse
1051 3745 1202 3810 Vitellium,
1226 3759 1258 3797 ut
1274 3746 1416 3800 Germani·

363 3828 464 3896 primus
481 3826 644 3896 principatus
660 3823 716 3876 dies
733 3827 760 3876 in
773 3839 864 3896 poste·
909 3843 954 3876 cas
966 3824 1081 3894 legiones
1093 3826 1120 3874 iu
1133 3826 1234 3896 Syriam
1246 3823 1280 3876 ad
1294 3825 1417 3880 militiam

363 3925 421 3956 rum
434 3907 596 3971 celebratus,
609 3907 727 3975 quamvis
735 3904 863 3956 iudaicus
908 3902 1059 3974 opulentant
1066 3903 1414 3974 quietamquetransferret;

362 3989 490 4038 exercitus
504 3986 529 4038 V
536 3987 608 4040 Νοιι.
622 3982 677 4035 Jut
691 3983 764 4053 apud
777 3985 864 4053 ipsum
908 3995 1000 4034 contra
1017 3982 1128 4053 Syriacis
1142 3980 1294 4051 legionibus
1307 3984 1414 4037 Germa·

358 4064 486 4131 jurasset,
505 4083 536 4115 eo
557 4063 668 4126 ardore,
687 4074 716 4113 ut
735 4080 770 4112 na
787 4063 862 4114 Titus
908 4063 968 4113 nica
988 4060 1117 4128 hiberna,
1138 4061 1201 4112 caelu
1222 4079 1253 4112 ac
1274 4059 1412 4114 laboribus

362 4142 468 4214 quidem
483 4143 551 4194 lilius
571 4153 775 4212 exspectaretur,
789 4139 862 4212 Syria
908 4139 989 4208 dura,
1004 4153 1177 4194 mutarentur.
1189 4141 1299 4211 Quippe
1312 4155 1340 4194 et
1351 4161 1413 4214 pro·

361 4236 494 4288 remeans,
507 4233 532 4272 et
542 4219 711 4272 consiliorum
722 4219 790 4270 inter
801 4219 861 4270 Mu·
906 4219 1029 4272 vinciales
1047 4232 1123 4272 sueto
1139 4219 1250 4273 rnilitum
1268 4219 1412 4274 consultus
