3076 5146
451 543 770 614 noninisnus.
888 621 893 630 ,
1069 552 1134 632 403

84 669 179 738 Urbe
194 669 359 763 Italiaque
374 674 566 740 summovit.
579 670 711 744 Occidit
721 689 754 741 et
769 673 963 744 Helvidium
982 676 1136 762 utilium,

84 783 184 874 quasi
204 781 337 846 scenico
356 779 477 849 exodio
487 778 512 820 ¹⁶
530 780 596 850 sub
613 805 760 874 persone
777 783 903 852 Paridis
924 801 959 854 et
976 789 1137 860 OEnones

83 888 271 956 divortium
280 913 381 956 suum
391 915 469 958 cum
479 916 583 959 uxore
593 908 739 960 tentasset
749 918 756 957 :
768 892 920 964 Flavium
932 895 1136 984 ¹⁷Subiuum,

83 1000 233 1068 alterum
252 1026 271 1069 e
289 1003 516 1096 patruelibus,
542 1003 633 1099 quod
654 1029 733 1072 eum
751 1009 963 1076 comitiorum
981 1011 1136 1080 consulu·

83 1113 175 1178 rium
185 1109 241 1178 die
248 1109 463 1194 destinatum,
472 1135 652 1206 perperam
661 1137 773 1206 preeco
780 1139 848 1182 non
857 1118 1138 1212 Consulemadpo-

83 1223 226 1316 pulum,
241 1221 300 1291 sed
313 1228 534 1320 Imperatorem
548 1229 815 1318 pronunciasset.
828 1233 955 1296 Verum
966 1228 1139 1324 eliquanto

83 1351 164 1426 post
176 1333 284 1401 civilis
299 1333 381 1403 belli
394 1333 603 1402 victoriam¹⁸
620 1337 754 1419 saevior,
769 1334 950 1432 plerosque
963 1342 1069 1430 partis
1081 1340 1138 1410 ed·
1193 1331 1194 1334 ¹

83 1467 194 1512 verses
203 1495 212 1526 ,
221 1442 305 1512 dum
314 1445 415 1511 etiam
424 1443 566 1514 latentes
579 1447 732 1514 conscios
742 1447 933 1538 investiget,
946 1471 1035 1516 novo
1045 1473 1138 1545 qum·

82 1559 207 1624 stionis
221 1579 345 1648 genere
359 1555 528 1640 distorsit,
542 1558 695 1624 immisso
708 1582 769 1650 per
781 1558 1044 1652 obsooenaigne:
1058 1586 1139 1643 non·

84 1667 190 1734 nullis
203 1685 237 1735 et
248 1692 369 1735 monus
381 1671 577 1760 amputavit*¹
595 1671 747 1762 Satisque
759 1685 906 1754 constat,
918 1669 1004 1740 duos
1017 1672 1138 1742 solose

84 1779 312 1848 notioribus¹⁹
331 1783 428 1848 venia
446 1779 606 1864 donatos,
624 1781 815 1850 Tribunum
830 1782 1088 1868 leticluvium²⁰,
1106 1802 1140 1856 et

84 1893 348 1960 Centurionem:
366 1893 493 1985 quise,
509 1916 578 1986 quo
592 1891 722 1960 facilius
737 1909 889 1986 expertes
904 1892 1013 1987 culpae
1027 1909 1140 1965 osten·

85 2000 223 2085 dorent,
235 2001 423 2096 impudicos
435 2002 679 2097 probaverunt,
695 2020 730 2071 et
740 2003 783 2071 oh
797 2005 832 2073 id
847 2028 958 2100 neque
971 2007 1062 2099 apud
1074 2006 1136 2077 du·

75 2137 308 2209 'oem„neque
324 2114 415 2208 apud
431 2115 573 2200 milites,
590 2116 693 2184 ullius
709 2120 870 2184 momenti
886 2140 960 2184 esse
974 2121 1135 2210 potuisse.

131 2230 192 2292 XI.
220 2227 301 2292 Erat
316 2241 430 2293 autem
444 2251 514 2295 non
529 2225 640 2294 solum
657 2251 804 2318 megnae,
819 2227 878 2295 sed
894 2229 994 2294 etium
1007 2227 1138 2298 callides

85 2337 339 2430 inopinataeque
369 2339 504 2405 ssevitiae
519 2348 539 2403 ¹.
563 2341 728 2404 'notorem
755 2361 965 2417 summarum
978 2346 1001 2422 ²,
1028 2337 1137 2431 pridie
1196 2343 1198 2351 '

127 2572 168 2626 15.
187 2572 449 2646 Heluidiumfiiium.
465 2575 505 2627 Dc
515 2589 592 2647 patre
637 2576 671 2628 ed
682 2575 794 2648 August.
811 2575 861 2642 38,
877 2589 904 2628 et
916 2574 1016 2630 othon.
1035 2591 1075 2628 to.
1090 2575 1138 2628 xi·

86 2651 148 2705 vids
159 2653 195 2706 ed
204 2657 312 2724 vespas.
327 2651 372 2716 15;
383 2654 417 2706 de
427 2655 495 2721 titio,
508 2656 592 2708 Tacit.
635 2655 701 2729 phil.
716 2657 734 2709 l.
748 2676 772 2709 c.
786 2650 815 2712 u‘t
824 2655 850 2708 θ’
861 2649 899 2709 οὖν
907 2677 941 2712 ott
953 2655 1065 2712 imiimi
1074 2645 1137 2707 'Isti-

86 2733 176 2803 Agric.
186 2729 427 2802 45‚ubi1.ipsinm;
436 2732 500 2784 Plin.
509 2735 591 2804 Epist.
635 2752 681 2792 mc
691 2733 1040 2805 testamenmentum
1049 2734 1073 2792 ic
1081 2735 1137 2796 βον-

86 2812 150 2876 vll,
162 2810 211 2876 30,
224 2825 250 2862 et
260 2812 309 2877 tx,
324 2811 362 2863 13.
636 2816 698 2873 tsine
713 2815 801 2868 invida
811 2813 848 2885 (h.
863 2834 885 2866 e.
900 2813 1061 2878 laticlauium
1076 2815 1138 2867 vide

128 2892 169 2944 16.
188 2891 296 2944 Sosoieo
309 2891 409 2944 exodio.
422 2889 489 2942 Vide
502 2889 537 2944 sd
547 2892 593 2944 Ti·
636 2894 762 2959 Reimer.)
774 2879 965 2961 resedificare
978 2888 1072 2954 ὅσόθι,
1085 2905 1135 2946 etc.

86 2969 145 3022 ber.
160 2988 222 3040 cap.
237 2968 280 3035 45.
353 3038 356 3042 ¹
636 2974 758 3026 Ceterum
771 2974 807 3024 ite
818 2973 897 3026 etiam
909 2971 981 3044 apud
992 2974 1075 3024 Tacit.
1085 2973 1138 3022 An·

127 3048 296 3120 17.Fiavinm
303 3047 442 3109 Sabinum
450 3045 593 3101 fitiumrta-
636 3051 689 3106 nel.
700 3052 749 3117 xt,
759 3051 807 3117 36,
818 3051 991 3104 ucaesoninus
999 3050 1068 3102 vitiis
1075 3068 1137 3120 pro·

87 3129 123 3182 vii
135 3127 242 3195 sabini,
256 3129 343 3180 fratris
354 3126 523 3196 Vespasiani,
537 3128 592 3178 fre·
637 3145 721 3185 tectus
734 3145 787 3198 est,
803 3141 968 3203 tanquam....
978 3147 1067 3201 pmsus
1077 3147 1137 3182 mu.

88 3225 156 3262 uem
165 3208 249 3261 Flavii
259 3207 416 3272 Clementis,
427 3205 523 3278 dequo
533 3205 593 3260 vide
637 3210 763 3278 imbria,-
777 3209 824 3262 ubi
837 3208 898 3262 vids
910 3210 981 3280 Lips.

89 3289 123 3341 sd
135 3307 197 3359 cap.
213 3289 252 3342 15.
264 3290 336 3340 Uxor
347 3285 427 3358 hujus
436 3285 527 3340 Sabini
536 3299 593 3338 eret
672 3293 716 3344 XI.
731 3308 753 3342 1.
763 3291 829 3342 Erat
839 3300 956 3341 autem...
966 3285 1070 3340 callide
1079 3287 1137 3339 ιἠο.

87 3368 352 3437 Julia,Ti1ifitia.Gf.
364 3365 590 3433 Philoso.vl1,3.
634 3373 783 3442 pinumque
804 3369 915 3422 soevt'tioe.
936 3365 1013 3420 conf.
1035 3363 1136 3437 Xiphil.

89 3451 127 3503 De
136 3451 212 3504 tutta
221 3449 281 3502 vids
293 3448 327 3501 ad
337 3467 397 3520 esp.
409 3466 451 3500 uu.
463 3448 592 3502 -Desti-
635 3451 744 3515 vatt,
759 3466 787 3512 1;
800 3448 866 3500 Ptin.
879 3449 1005 3518 panegyr.
1019 3465 1078 3517 cap.
1091 3445 1135 3498 66.

89 3541 195 3590 numm,
208 3527 388 3598 designatum,
401 3540 431 3579 ut
442 3539 467 3578 st
480 3526 513 3578 al.
673 3543 698 3580 π.
720 3526 840 3578 dotorem
859 3543 1021 3580 summorum
1031 3545 1041 3586 ,·
1061 3524 1089 3577 h.
1111 3543 1136 3578 e.

126 3610 168 3662 18.
188 3608 252 3660 Post
267 3605 350 3660 civilis
364 3606 426 3658 tetta·
441 3605 591 3665 victoriam,-
636 3604 769 3674 exigendis
779 3605 912 3675 pecuniis,
924 3603 1136 3658 administrandis

91 3687 163 3760 quod
179 3688 311 3738 Antonius
327 3687 402 3757 (esp.
419 3685 452 3755 6)
466 3686 591 3742 moveret.
636 3697 662 3738 st
672 3686 699 3735 in
713 3685 841 3736 rationem
855 3681 999 3735 referendis
1013 3684 1137 3753 proposi·

90 3769 128 3820 Gi.
143 3770 255 3820 omnino
268 3765 367 3838 Xiphil.
382 3765 490 3833 van,
506 3781 545 3816 ιι.
636 3777 700 3818 tum.
714 3763 780 3816 Plin.
794 3765 875 3835 Epist.
888 3765 938 3828 ΙΙΙ,
954 3780 984 3833 ¹9
994 3801 1002 3830 ,
1013 3781 1137 3834 prorutae

127 3866 168 3918 ¹9·
188 3849 213 3899 Ε
229 3848 381 3909 notioribus5
394 3844 421 3897 h.
436 3865 459 3898 e.
474 3844 592 3898 nobilio·
636 3855 715 3898 torem
731 3858 757 3897 et
772 3856 868 3898 actores
886 3844 1031 3913 conjungit.
1047 3841 1136 3909 Idem,

90 3927 178 3991 n'buu
198 3926 256 3979 noti
273 3929 342 3979 enim
356 3939 530 3997 opponuntur
547 3925 592 3976 ob-
636 3925 760 3996 Penegpr.
777 3923 827 3988 36,
845 3934 956 3975 actorem
971 3933 997 3972 et
1012 3939 1137 3992 procura·

90 4007 176 4060 κατὰ.
204 4009 241 4058 lte
263 4002 512 4077 patresfamiliamm
537 4003 593 4057 noti
636 4015 717 4056 torem
734 4004 862 4074 Principis
881 4005 917 4055 ita
933 4001 1086 4072 distinguit,
1106 4015 1136 4053 ut

91 4087 174 4160 Geiig.
188 4088 231 4140 26.
243 4085 318 4140 Hauc
329 4088 441 4140 sormam
456 4086 591 4138 Ernestius
635 4080 699 4136 huie
706 4079 1137 4152 majoremdiguitatemfuitssps·
1160 4123 1162 4128 .

91 4167 159 4222 male
173 4167 315 4239 improbet.
636 4175 698 4216 teet.
706 4163 784 4216 Plura
795 4159 856 4220 vide
865 4159 937 4232 opud
946 4160 1016 4230 Lips.
1027 4158 1134 4212 Excun.

127 4264 169 4300 uo.
184 4247 334 4300 Tribunum
341 4245 514 4302 ludelavium.
525 4240 592 4296 Vide
637 4243 671 4298 ed
684 4245 768 4296 Tacit.
780 4240 874 4304 Annei.
890 4243 930 4308 11,
943 4239 987 4294 30.
1006 4241 1068 4294 Non
1085 4237 1137 4294 dtt·

939 4331 994 4397 26.
