3066 5148
504 458 761 542 CALIGULA.
1115 471 1158 562 39

101 596 211 696 quoad
224 601 502 693 praecipitaretur
513 623 556 668 ex
570 620 704 692 aggere.
723 594 850 665 Multos
864 595 1001 666 honesti¹
1012 597 1158 682 ordinis,

103 710 309 780 deformatos
329 714 427 805 prius
444 713 641 804 stigmatum
654 712 762 792 notis,
780 706 823 775 ad
842 707 977 776 metalla
995 725 1030 776 et
1050 711 1160 777 muni·

105 827 207 892 dones
224 826 386 906 viarum,
405 840 467 892 aut
483 822 528 891 ad
542 822 665 890 bestias
685 819 939 905 condemnavit,
957 836 1018 890 aut
1036 820 1160 889 hestia·

74 933 78 942 '
106 958 287 1002 rummare
300 932 543 1030 quadrupedes
553 957 654 1002 cavea
663 931 844 1016 coercuit⁵,
856 928 1054 1002 autmedios
1065 955 1160 1002 serra

106 1044 282 1129 dissecuit3
299 1071 368 1116 nec
379 1070 497 1115 omnes
512 1045 669 1139 gravibus
682 1069 723 1114 ex
733 1046 862 1126 causis,
877 1067 996 1112 verum
1013 1043 1102 1112 male
1115 1043 1159 1114 de
1245 1045 1249 1052 ’

107 1183 244 1228 munere
266 1183 333 1228 suo
352 1164 527 1254 opinatos,
547 1159 601 1227 vel
621 1155 713 1254 quod
733 1181 910 1252 nunquam
928 1181 999 1250 per.
1013 1160 1158 1226 Genium

107 1295 203 1338 suum
215 1267 466 1364 dejerassent5.
479 1277 639 1340 Parentes
656 1269 821 1363 supplicio
832 1268 979 1340 filiorum
995 1271 1157 1338 interesse

107 1382 278 1473 cogebatt.
304 1388 461 1471 Quorum
481 1385 541 1451 uni
560 1379 787 1450 valetudinem
811 1382 984 1450 excusanti
1005 1377 1158 1448 lecticam

107 1495 212 1578 misit;
228 1493 339 1562 alium
352 1518 374 1563 s
390 1493 581 1588 spectaculo
597 1517 706 1588 poenae
721 1490 829 1585 epulis
843 1494 955 1560 statim
966 1489 1158 1574 8adhibuit,

106 1621 204 1697 atque
223 1607 323 1672 omni
340 1607 496 1673 comitate
512 1603 554 1672 ad
572 1601 774 1672 hilaritatem
793 1619 826 1670 et
837 1600 933 1696 jocos
950 1603 1156 1694 provocavit

106 1717 307 1782 Cumtorem
319 1739 501 1786 munerum
514 1739 553 1784 ac
563 1718 799 1796 venationum,
818 1737 879 1806 per
894 1716 1073 1783 continuos
1085 1710 1157 1780 dies

107 1826 139 1892 in
149 1843 339 1918 conspectu
351 1850 414 1894 suo
426 1831 552 1896 catenis
563 1826 815 1909 verberatum9,
830 1849 899 1893 non
910 1827 1005 1917 prius
1017 1825 1157 1910 occidit,

107 1959 208 2030 qtram
221 1937 376 2006 offensus
392 1939 570 2032 putrefacti
586 1939 715 2007 cerebri
730 1937 845 2006 odore.
865 1935 1061 2004 Atellanae¹⁰
1080 1963 1159 2030 poe·

6 2037 9 2050 ’
108 2062 190 2128 tam,
213 2047 261 2114 ob
281 2048 432 2143 ambigui
448 2047 516 2142 joci
536 2050 760 2132 versiculum,
783 2046 894 2115 media
913 2046 1158 2139 Amphitheatri
1237 2045 1240 2052 ⁴

106 2181 207 2224 arena
218 2161 292 2251 igni
303 2162 473 2228 cremavit.
487 2163 643 2258 Equitem
654 2167 863 2242 Romanum,
877 2155 1047 2252 objectum
1059 2159 1156 2243 ieris,

106 2359 609 2436 destinatum,juxtsportamCollinam,
654 2368 740 2420 Cesar
757 2367 885 2432 Pastoris,
903 2363 1038 2438 splendidi
1055 2368 1158 2437 Equitis

106 2441 266 2515 descriptum
283 2464 298 2496 a
312 2443 443 2497 Plutarch.
466 2449 546 2498 Num.
567 2464 608 2499 10.
653 2447 783 2511 Romani,
800 2443 882 2497 lilium
897 2463 981 2517 quum
995 2446 1023 2497 in
1036 2445 1157 2498 custodia

107 2523 187 2588 liele,
197 2527 246 2595 qni
256 2545 349 2596 rupem
356 2527 497 2598 Tarpeiam
507 2526 608 2579 dicunt.
654 2523 805 2590 habuisset,
813 2522 950 2574 munditiis
961 2525 1018 2594 ejus
1028 2535 1055 2574 et
1066 2523 1158 2576 cultio-

139 2603 164 2656 5.
183 2605 241 2658 Aut
251 2604 289 2656 ad
307 2605 396 2657 bestias
410 2604 610 2673 condemnavit,
654 2602 727 2656 ribus
737 2601 838 2674 capillis
849 2602 982 2669 oileneus,
991 2614 1102 2672 rogante
1111 2623 1164 2675 pe·.

107 2694 152 2734 cut
152 2721 261 2736 .......
285 2701 363 2735 cavea
386 2685 505 2738 coercuit.
530 2683 608 2736 Conf.
654 2680 1158 2752 tre,utsalutemsibifiliicoucederet,

106 2760 610 2828 Dio,LlX,10.Dedissectisserravide
655 2759 1155 2834 quasidesupplicioejusadmonitus,
1218 2809 1220 2814 .

106 2842 217 2896 Casauh.
228 2842 264 2894 ad
275 2841 347 2894 hunc
357 2842 460 2908 locum,
471 2842 608 2896 etFabtic.
653 2840 716 2894 duci
725 2843 846 2913 protinus
851 2842 939 2912 jussit.
952 2843 992 2894 Ne
1000 2852 1089 2894 tamen
1098 2861 1156 2894 om·

106 2921 138 2974 ad
148 2923 230 2974 Dion.
241 2922 362 2989 vatfl,
375 2923 426 2989 32,
438 2935 519 2992 atque
528 2921 562 2974 ah
576 2941 608 2974 eo
653 2922 698 2972 nia
707 2920 850 2972 inhumane
858 2918 1103 2972 faceretadversum
1114 2942 1158 2994 pe·

105 3003 206 3056 citatos.
654 3013 736 3067 trem,
746 2998 781 3052 ad
793 3017 896 3052 coenam
907 2999 982 3051 illum
992 3000 1111 3051 invitavit
1123 3021 1155 3054 ec

138 3081 164 3134 6.
185 3079 213 3132 V
210 3079 237 3132 el
255 3079 327 3151 quod
340 3098 477 3152 nunquam
493 3099 542 3153 per
556 3082 609 3134 Ge-
653 3078 705 3130 die.
722 3078 804 3130 Venit
818 3079 927 3144 Pastor,
940 3076 1008 3128 nihil
1021 3076 1096 3129 vultu
1110 3098 1164 3132 ex«.

107 3158 177 3212 num
193 3177 273 3210 mum
290 3157 452 3230 dejerassent.
475 3159 608 3212 Minucius
652 3157 810 3230 probrante,
825 3169 876 3208 etc.
887 3179 899 3203 ι
915 3155 971 3210 Illic
983 3168 1010 3209 et
1020 3156 1092 3208 hunc
1103 3158 1164 3212 No.

106 3237 157 3290 Fel.
172 3237 267 3290 Octav.
281 3256 341 3309 cap.
356 3255 402 3308 29,
418 3240 523 3291 :Etiam
534 3241 615 3310 prin·⁸
652 3253 736 3292 strum
746 3238 897 3300 citavimus,
907 3249 971 3288 tom.
983 3237 1006 3302 l,
1017 3254 1044 3307 p.
1057 3253 1114 3294 roo.

107 3317 207 3388 cipibus
222 3331 249 3370 et
263 3317 382 3389 regibus,
397 3336 452 3370 non
464 3331 494 3370 ut
505 3322 608 3389 magnis
682 3332 708 3384 9„
720 3313 822 3368 catenis
829 3314 997 3366 verberatum.
1007 3313 1067 3367 Sine
1075 3334 1156 3372 causa

107 3411 132 3450 et
143 3396 233 3449 electis
246 3397 329 3462 viris,
348 3399 417 3449 sicut
431 3397 471 3449 fas
485 3411 544 3464 est,
562 3396 610 3450 sed
652 3396 810 3464 interpretes
830 3394 948 3444 novitate
968 3393 1108 3464 supplicii,
1127 3399 1156 3448 in

106 3473 609 3546 talliis,turpiteradulatiofalsahlan-
652 3471 1165 3541 telimonstrominimemiranda,moti·

107 3552 214 3608 distin...
226 3555 269 3608 Sic
280 3573 373 3606 eorum
384 3573 484 3606 numen
496 3569 607 3623 vocant,
653 3553 742 3607 locum
764 3566 867 3604 mutare
886 3549 1045 3618 voluerunt,
1073 3572 1156 3624 quum

107 3632 139 3686 ad
150 3635 281 3703 imagines
296 3633 463 3706 supplicant,
477 3635 607 3701 Genium,
653 3633 697 3686 alii
707 3633 769 3685 satis
779 3631 875 3704 frigide
884 3631 989 3684 habenis
998 3630 1156 3700 suaderent,

108 3711 351 3780 desndamonem
361 3717 435 3785 ejus,
449 3714 616 3787 implorante
651 3715 914 3770 Gronovius.antem
939 3725 965 3764 et
989 3714 1094 3766 Reines.
1121 3713 1156 3766 ad

108 3805 132 3844 et
142 3807 181 3845 est
192 3793 224 3844 iis
236 3795 333 3860 tutius,
347 3813 396 3865 per
408 3795 479 3847 Jovts
492 3795 609 3848 Genium
651 3811 734 3863 marg.
749 3789 1018 3862 summistmaplt),
1031 3809 1088 3862 quse
1098 3809 1170 3844 cor··

107 3871 237 3940 pejerare,
256 3889 336 3943 quam
354 3873 439 3944 regin
450 3897 463 3922 ι
483 3872 530 3926 ubi
548 3872 609 3926 vide
652 3873 735 3924 rectio
753 3869 831 3922 alium
847 3871 1025 3922 necessariam
1039 3869 1156 3925 reddidit

108 3945 226 4002 lindner.
652 3953 820 4023 sequentium
832 3968 891 4003 voe.
903 3949 1049 4022 putrefacti
1061 3952 1157 4003 cerebri

138 4046 163 4098 7.
183 4031 302 4103 Copebat.
318 4030 359 4083 cf.
372 4031 439 4096 Dio,
450 4031 522 4098 LIX,
536 4032 579 4086 25.
652 4031 729 4084 odore
738 4031 765 4082 in
775 4029 920 4104 putrefacti
931 4029 984 4080 tabi
993 4029 1084 4094 odore,
1096 4048 1154 4102 qun

138 4109 162 4161 8.
177 4109 329 4163 Alium...
340 4111 425 4181 epulis
433 4111 521 4164 statim
530 4110 608 4164 adhi-
651 4109 827 4182 tautologiam
839 4110 918 4162 etiam
932 4109 1021 4161 infert.

1 4203 2 4228 t
107 4185 162 4244 lu't.
181 4188 273 4244 Senec.
292 4189 326 4243 de
342 4192 402 4259 Ira,
420 4193 459 4260 11,
472 4189 506 4245 33
522 4214 528 4244 ι
552 4192 605 4244 «C.
691 4207 730 4242 ιο,
745 4188 884 4244 Atellanis.
900 4188 979 4241 Conf.
991 4187 1079 4244 Tiber.
1094 4185 1136 4256 45.
