3116 5146
448 549 698 620 EXCURSUS
720 553 816 620 XIX.

382 811 734 912 EXCURSUS
762 815 887 912 XIX

301 1061 370 1133 an
396 1062 772 1152 noulrrauntu,
800 1063 886 1134 err.
920 1087 974 1166 ¹7·

112 1513 259 1599 Dotom
269 1544 403 1616 interjecit.
417 1538 636 1594 Emendationem
647 1539 795 1609 elegantem
806 1560 838 1593 ae
851 1544 1022 1600 certissimam
1032 1546 1161 1613 Ferrarii,

112 1627 235 1680 dolonem
250 1623 392 1697 interjecit,
410 1622 557 1693 improbat,
571 1633 668 1694 praeter
678 1623 744 1676 alios
761 1624 942 1692 Burmannus,
957 1624 1008 1678 ha'c
1026 1624 1104 1680 allata
1121 1645 1164 1679 ra·

112 1711 201 1774 tione,
214 1707 287 1781 quod
299 1704 440 1759 dicendum
455 1705 548 1756 fuisset
561 1703 662 1774 injecit,
676 1722 730 1755 non
748 1703 892 1774 interjecit:
907 1704 981 1777 quod
995 1725 1028 1757 an
1042 1707 1165 1758 Latinum

112 1791 160 1855 eit,
183 1787 296 1840 dubitat.
319 1787 462 1840 Enimvero
483 1782 539 1834 haec
557 1781 635 1835 verba
655 1801 711 1834 non
730 1782 827 1835 debent
846 1785 991 1854 significare
1010 1788 1166 1860 petitionem
1196 1827 1201 1832 -

111 1870 272 1935 Domitiani,
285 1866 384 1919 dolone
394 1867 505 1932 iactam,
518 1863 668 1934 quodenset
682 1864 803 1937 injicere.-
816 1884 876 1918 nam
889 1865 922 1918 de
934 1866 984 1919 hac
994 1888 1070 1934 mox,
1079 1868 1165 1941 suffo-

112 1949 153 2001 dit
172 1949 306 2024 inquiner
326 1944 373 1998 sed
391 1944 499 1996 modum
519 1942 697 1995 abscondendi
717 1944 838 2012 dolonis,
858 1965 894 1997 ne
912 1945 1164 2018 deprehenderetur.

113 2031 170 2100 Ego
188 2047 250 2080 vero
269 2045 323 2078 non
338 2025 449 2090 dubito,
468 2026 646 2094 conjecturam
664 2023 734 2076 hano
751 2043 808 2078 esse
827 2038 934 2078 certam.
957 2031 1025 2080 Nam
1046 2029 1079 2080 d'e
1100 2027 1163 2080 dolo

113 2122 176 2161 ante
197 2106 314 2174 dictum,
333 2105 473 2159 consilinm
493 2123 650 2179 operamque
668 2104 764 2158 obtulit
771 2127 780 2167 ,·
800 2119 825 2157 et
842 2125 917 2172 mox,
934 2104 1088 2161 sinisteriore
1107 2109 1166 2160 bro-

113 2187 190 2253 chio,
203 2201 253 2239 etc.
266 2187 296 2237 In
308 2185 349 2238 his
362 2197 403 2237 est
413 2183 499 2234 dolus.
511 2181 562 2236 Sed
573 2202 635 2254 pars
647 2181 702 2235 doli
715 2196 754 2236 est
765 2187 844 2237 etiam
858 2186 885 2236 in
897 2184 963 2253 hoc,
981 2186 1053 2258 quod
1068 2188 1166 2238 instru-

112 2280 235 2319 mentum
247 2264 325 2317 cadis
342 2265 399 2337 ipsa
411 2262 494 2328 hora,
512 2263 550 2314 rei
567 2262 655 2330 dicta,
669 2264 780 2315 inseruit
795 2264 897 2329 fasciis,
915 2277 941 2316 et
959 2265 994 2317 ita
1006 2266 1166 2332 occultavit,
1265 2277 1268 2282 '

112 2366 148 2400 ne
159 2345 404 2419 deprehenderetur
416 2364 422 2395 ι
435 2342 463 2394 id
474 2343 590 2410 factum,
607 2344 738 2416 interiecto
752 2344 820 2396 inter
831 2344 904 2396 ianas
917 2357 942 2396 et
948 2344 1048 2416 fascias
1059 2345 1167 2398 dolone.

113 2428 205 2495 Quum
220 2427 257 2479 ita
269 2437 388 2498 parasset
400 2443 444 2490 ae,
458 2425 691 2494 instruxissetqne,
710 2425 844 2494 professus
861 2437 899 2477 est
918 2425 1060 2494 indicium,
1078 2438 1103 2476 et
1116 2424 1164 2478 ad·

113 2508 225 2571 missus,
240 2517 289 2556 etc.
306 2505 347 2557 Sic
360 2502 432 2575 apud
443 2503 581 2555 Horatium
591 2505 617 2554 in
626 2502 741 2574 Epodis,
752 2503 846 2557 Luettt
857 2505 926 2556 inter
932 2503 1059 2576 pulvillos
1062 2507 1164 2576 jacent.

112 2583 290 2637 Philostratus
302 2601 383 2656 porro
393 2582 491 2635 diserte
503 2581 595 2650 tradit,
605 2586 641 2635 ita
654 2582 839 2635 absconditum
850 2602 866 2635 a
877 2583 1009 2655 Stephano
1024 2583 1164 2651 dolonem,

113 2666 143 2716 in
156 2665 217 2715 vira
230 2663 357 2736 apollon.
369 2663 429 2727 vll,
441 2661 490 2727 25,
503 2681 552 2714 nec
565 2662 707 2729 credibile,
719 2659 772 2714 hoc
783 2665 984 2734 pretermissum
996 2683 1010 2714 a
1023 2665 1164 2728 Suetoni03

114 2763 199 2818 quum
212 2746 245 2797 sit
258 2756 406 2796 memoratu
417 2741 609 2812 dignissimum.
619 2743 720 2795 Dolum
735 2744 888 2817 interjicere,
901 2743 982 2797 latine
993 2743 1099 2816 quidem
1112 2745 1167 2797 dici

114 2845 196 2899 posse
210 2825 338 2892 arbitror,
350 2823 397 2877 sed
409 2841 463 2874 non
476 2842 526 2894 pro
543 2825 676 2891 adhihere,
690 2824 826 2895 quomodo
839 2838 907 2878 esset
917 2824 944 2876 h.
957 2826 975 2877 l.
988 2824 1163 2897 capiendum:

114 2925 166 2960 nec
182 2905 282 2958 adrem
294 2902 498 2976 perficiendam,
514 2902 561 2956 sed
571 2904 765 2977 impediendam
777 2907 883 2976 potius;
899 2905 971 2976 quod
988 2905 1022 2957 ab
1035 2906 1087 2958 hoc
1102 2904 1163 2958 loco

114 2997 155 3038 est
169 2983 295 3036 alienum.
307 2985 414 3034 Tacitus
432 2980 554 3052 quidem,
565 2983 634 3034 Ann.
652 2985 679 3049 1,
695 2981 745 3048 24,
761 2982 825 3034 dicit
840 2983 925 3034 minos
941 2984 1101 3054 interjicere,
1115 2981 1163 3036 aed

111 3063 151 3117 ihi
163 3063 223 3116 dnae
232 3077 322 3137 partes
335 3077 404 3117 sunt.
419 3062 460 3114 Ad
472 3062 561 3114 locum
574 3063 725 3115 Philostrati
736 3065 817 3114 miror
827 3062 892 3114 nihil
903 3063 999 3116 dixisse
1013 3063 1162 3131 Olearium,

114 3143 191 3218 qnod
206 3145 240 3197 ad
252 3144 321 3197 hanc
333 3162 388 3196 rem
400 3145 538 3214 pertineat.
553 3145 716 3214 ignoraverit
726 3156 833 3216 oportet
847 3143 917 3196 hunc
927 3145 1016 3196 locum
1027 3145 1161 3211 Suetonii,

114 3239 142 3278 et
152 3238 245 3278 notam
259 3224 419 3278 Casauboni.
435 3223 607 3277 casaubonus
619 3227 646 3276 in
659 3242 707 3276 auo
720 3223 839 3294 exemplo
855 3224 917 3295 legit
929 3221 1023 3292 ieipec,
1041 3245 1090 3298 pro
1107 3244 1161 3298 quo

112 3305 255 3378 legendum
270 3320 347 3380 putat
361 3303 503 3375 ὅραρμὸσαε.
517 3305 639 3360 Olearius
652 3321 740 3359 autem
751 3305 833 3359 hahet
844 3307 870 3358 in
883 3319 956 3358 textu
971 3303 1060 3375 ν’ριίμς
1075 3305 1161 3372 rikir,

112 3390 261 3460 vertitque:
273 3389 421 3440 subnectens
433 3388 537 3440 cubito:
554 3387 623 3461 quod
636 3385 746 3457 intelligi
758 3405 811 3440 non
823 3401 928 3459 potest:
943 3406 992 3440 nee
1004 3387 1083 3440 ullam
1096 3388 1162 3440 alte·

114 3471 169 3522 rius
183 3468 304 3522 lectionis
317 3470 475 3520 mentionem
489 3470 516 3520 in
531 3471 602 3521 notis
614 3470 693 3536 facit,
710 3467 879 3536 autiudicat,
893 3466 964 3519 unde
980 3467 1049 3520 hanc
1066 3468 1161 3521 lectio·

115 3570 176 3603 uem
190 3549 297 3602 habeat.
309 3549 390 3601 Nihili
405 3561 492 3602 autern
506 3568 557 3602 vox
571 3562 609 3602 est
621 3547 717 3618 irripere.
731 3549 798 3600 Nam
808 3568 839 3601 ex
854 3547 974 3618 analogia
987 3547 1093 3602 deberet
1102 3565 1160 3601 esse

114 3628 210 3696 incipet
225 3651 231 3680 :
246 3627 292 3680 sed
308 3631 364 3700 ejus
377 3630 574 3699 compositionis
588 3628 736 3699 exemplum
748 3627 849 3678 nullum
862 3639 946 3680 exstat
960 3629 987 3679 in
999 3629 1108 3681 Lexicis.
1119 3630 1162 3679 In·

115 3707 221 3760 serendi
232 3721 320 3760 autern
333 3720 360 3759 et
373 3707 547 3777 interjiciendi
561 3711 611 3760 vim
624 3706 724 3760 habent
740 3706 791 3759 alia
805 3727 819 3759 e
833 3707 913 3759 verbo
928 3705 979 3776 tipo
994 3710 1160 3780 composita,

115 3801 145 3839 ut
157 3787 246 3856 irripo,
266 3787 340 3856 &stipo
357 3801 383 3841 et
394 3787 508 3856 neprifo,
523 3786 595 3857 apud
607 3788 754 3858 Longinum
765 3786 832 3838 Sect.
849 3788 880 3852 3,
898 3805 929 3838 ex
939 3786 1075 3858 AEachylo,
1087 3783 1161 3857 quod

115 3865 225 3918 verbnm
238 3866 357 3920 nondum
374 3879 413 3920 est
427 3869 454 3919 in
468 3869 569 3919 Lexicia
582 3867 702 3939 migetis.
721 3869 814 3939 ltaque
827 3865 912 3936 legam
928 3880 974 3918 aut
989 3866 1098 3932 irrites,
1115 3878 1162 3918 ant

114 3964 234 4015 upupae.
