3054 5152
393 566 455 654 178
546 611 550 622 .
762 561 798 622 C.
824 556 1057 624 SUETONll

388 709 616 781 coronamque
630 707 704 752 eam
724 697 757 749 et
774 679 941 775 reliquam
959 683 1150 750 certaminis
1170 697 1302 773 partem
1320 685 1356 749 in
1374 706 1436 750 au·

388 824 472 868 num
482 808 678 890 sequentem
689 787 818 856 distulit
828 842 836 871 ,
848 804 887 855 ut
899 790 1021 880 saepius
1033 786 1176 856 canendi
1188 793 1320 858 occasio
1335 807 1435 858 esset.

389 909 488 998 Quod
512 929 617 1002 quum
638 900 773 968 tardum
793 899 983 982 videretur,
1004 923 1075 967 nou
1092 903 1235 968 cessavit
1251 900 1435 968 identidem

389 1045 425 1091 se
448 1017 631 1114 publicare.
653 1019 726 1080 Non
747 1011 911 1079 dubitavit
932 1014 1032 1078 etiam
1053 1014 1191 1103 privatis
1214 1011 1436 1104 ⁵spectaculis

390 1155 527 1225 operam
546 1131 633 1195 inter
655 1125 804 1189 scenicos
820 1120 920 1203 dare,
940 1123 1088 1217 quodam
1109 1128 1296 1190 Praetorum
1316 1139 1436 1192 sester-

389 1246 472 1310 tium
489 1238 599 1306 decies
614 1233 786 1302 offerente.
801 1231 994 1321 Tragoedias
1009 1255 1144 1326 quoque
1157 1236 1305 1301 cantavit
1319 1257 1436 1326 perso·

388 1348 509 1421 natus⁶
522 1376 530 1430 ς
546 1347 688 1415 heroum
703 1349 937 1437 Deorumque,
950 1345 1029 1410 item
1042 1342 1219 1411 heroidum
1232 1369 1273 1412 ac
1287 1349 1437 1412 Beatum

389 1464 542 1558 personis
560 1457 686 1525 effectis
708 1453 751 1520 ad
774 1453 1026 1521 similitudinem
1048 1456 1114 1521 oris
1136 1439 1206 1536 sui,
1229 1472 1262 1522 et
1279 1454 1435 1538 feminae,

388 1591 491 1670 prout
504 1592 674 1665 quamque
689 1565 851 1658 diligeret.
869 1571 959 1632 luter
973 1569 1082 1634 cetera
1094 1569 1240 1634 cantavit
1255 1597 1269 1626 ι
1280 1571 1437 1634 Canacen

388 1685 650 1780 parturientem,
667 1682 809 1746 Oresten
823 1675 1048 1759 matricidam,
1062 1676 1276 1770 OEdipodem
1290 1701 1437 1746 excaeca-

388 1813 480 1876 tum,
499 1789 679 1860 Herculem
699 1792 895 1856 insanum.»
915 1794 953 1855 ln
974 1813 1042 1882 qua
1062 1789 1177 1856 fabula
1195 1790 1285 1858 lama
1304 1805 1378 1872 est,
1397 1793 1437 1858 ti·

387 1903 570 1975 runculum
581 1900 757 1979 militem7,
770 1901 917 1990 positum
931 1897 974 1964 ad
988 1898 1175 1966 custodiam
1186 1899 1314 1980 aditus,
1329 1923 1437 1993 quum

389 2041 468 2085 eum
482 2015 594 2082 ornari
610 2035 649 2078 ac
667 2011 785 2076 vinciri
803 2010 946 2091 catenis,
965 2010 1051 2075 sicut
1068 2025 1306 2101 argumentum
1322 2026 1438 2101 postu·

389 2126 497 2205 labat,
512 2122 660 2203 videret,
672 2120 858 2186 accurrisse
869 2117 1016 2184 ferendae
1031 2121 1104 2210 opis
1117 2122 1233 2210 gratia.

434 2241 539 2304 XXll.
572 2241 746 2327 Equorum
771 2229 880 2297 studio
903 2245 911 2276 ¹
942 2227 995 2298 vel
1023 2234 1192 2322 praecipue
1221 2229 1265 2298 ab
1294 2233 1436 2298 ineunte

390 2363 485 2416 aetate
501 2345 670 2438 flagravit,
686 2339 922 2434 plurimusque
939 2339 987 2408 illi
1006 2365 1137 2423 sermo,
1155 2365 1365 2436 quamquam
1382 2367 1437 2410 ve

389 2473 535 2536 taretur,
555 2453 596 2520 de
615 2449 826 2518 Circensibus
843 2468 932 2517 erat:
954 2467 986 2517 et
1004 2451 1175 2545 quondam
1194 2469 1339 2519 tractum
1359 2477 1438 2546 pra-

389 2571 501 2636 sinum
520 2566 735 2656 agitatorem²
757 2564 844 2627 inter
864 2560 1112 2654 condiscipulos
1131 2585 1295 2656 querens,
1318 2560 1436 2655 objur-

389 2692 487 2771 gante
501 2676 679 2764 magistro,
697 2667 738 2737 de
757 2675 900 2738 Hectore
914 2695 951 2738 se
965 2669 1074 2767 loqui,
1092 2675 1272 2739 ementitus
1292 2689 1355 2740 est.
1371 2668 1437 2741 Sed

389 2811 495 2882 quum
507 2787 593 2852 inter
610 2783 700 2848 initia
717 2783 848 2873 imperii
867 2781 1024 2851 eburneis
1044 2781 1214 2878 quadrigis
1232 2781 1383 2877 quotidie
1402 2788 1438 2852 in

388 2899 493 2966 abaco
510 2893 652 2975 luderet,
668 2889 711 2958 ad
726 2915 844 2959 omnes
862 2895 962 2960 etiam
982 2896 1139 2961 minimos
1157 2896 1333 2960 Circenses
1351 2917 1370 2962 e
1387 2917 1437 2962 se·

388 3034 486 3078 cessu
500 2991 739 3086 commeabat,
765 3006 876 3100 primo
897 3004 1003 3089 clam,
1026 3003 1147 3074 deinde
1169 3003 1373 3098 propalam:
1398 3021 1437 3074 ut

388 3122 514 3188 nemini
530 3117 671 3185 dubium
682 3130 786 3196 esset,
804 3137 845 3182 eo
863 3113 916 3182 die
932 3118 1049 3210 utique
1064 3115 1262 3183 adfuturum
1272 3113 1298 3182 ³.
1318 3121 1437 3210 Neque

389 3237 639 3319 dissimulabat,
663 3234 751 3304 velle
775 3259 809 3303 se
833 3233 1022 3328 palmarum
1044 3261 1224 3304 numerum
1248 3235 1433 3331 ampliare:

425 3461 449 3511 5.
472 3455 764 3528 Privatitrpectaculis3
783 3453 810 3505 b.
829 3472 887 3506 aa
956 3474 994 3526 ·7.
1023 3457 1193 3510 Tinruculum
1220 3456 1353 3524 militem,
1382 3469 1435 3510 ete.

390 3534 585 3606 magistratibus
604 3533 696 3600 editis,
716 3535 761 3604 qni
780 3551 889 3604 compa·
933 3535 1032 3608 Xipbil:
1045 3537 1140 3601 Llllll,
1159 3555 1199 3588 to.

390 3619 439 3670 rati
449 3633 508 3667 curn
520 3615 639 3685 Principe
647 3614 744 3686 privati
754 3613 887 3665 dicuntur.
968 3617 1047 3668 xxu.
1070 3635 1092 3668 r.
1109 3619 1242 3689 Equomm
1258 3615 1361 3682 studio,
1382 3630 1434 3669 ete.

388 3693 543 3765 —Quodam
553 3694 693 3744 Proetomm
700 3694 838 3744 sestertium
845 3690 888 3741 de·
932 3697 1015 3747 Tacit.
1022 3697 1090 3764 XlV,
1100 3697 1139 3762 tl,
1148 3696 1288 3748 -Vetusilli
1296 3715 1358 3748 cura
1367 3712 1436 3762 erat,

389 3776 439 3826 cies
452 3771 587 3844 offerente.
601 3769 666 3821 Vide
680 3769 777 3841 Xiphil.
795 3771 888 3834 txut,
933 3772 1064 3824 curriculo
1078 3773 1263 3845 quadrigarum
1277 3777 1407 3827 insistere.
1420 3799 1433 3822 ι

390 3871 442 3918 at,
470 3853 516 3924 qui
541 3850 662 3901 Larcium
689 3847 790 3918 Lydum
817 3847 889 3900 hunc
933 3849 1251 3922 Coll.lllll,3;llipbil.
1268 3853 1379 3918 LXl,6.

387 3933 462 3985 dicit.
970 3945 994 3979 2.
1015 3926 1150 3981 Prasinum
1166 3931 1329 4004 agitatorem.
1343 3931 1383 3982 (ll.
1399 3929 1435 3982 ad

424 4014 451 4064 6.
476 4009 623 4085 Traqoedias
639 4024 750 4079 quoque.
761 4045 784 4057 ..
799 4023 887 4078 perso·
933 4005 1014 4077 Calig.
1036 4007 1083 4072 55,
1097 4007 1130 4059 de
1148 4023 1263 4079 quatuor
1281 4011 1434 4080 aurigarum

389 4104 473 4145 trouu.
485 4091 525 4143 cf.
536 4087 634 4161 Xipbil.
647 4086 742 4149 Lxllt,
752 4103 783 4154 9,
792 4098 818 4137 et
830 4102 886 4154 qun
930 4085 1098 4138 factionibus.

387 4172 489 4226 Vindex
498 4174 526 4224 in
537 4172 657 4222 oratione
667 4165 740 4238 apud
750 4165 870 4219 eumdem
876 4203 886 4240 ,
966 4165 992 4216 3.
1013 4166 1052 4218 Eo
1064 4166 1134 4218 die...
1145 4166 1313 4238 adsumtum,-
1324 4169 1352 4221 iu
1362 4167 1434 4222 Urbe

387 4269 501 4323 ceput.
875 4251 877 4258 '
931 4260 1065 4296 esseessu
1080 4242 1241 4296 suburbano.
