3076 5146
405 533 470 620 rso
810 539 1041 606 nnunsrn

409 781 1425 808 mmmmfflfflmmmmmffl

719 940 1038 1094 EXCURSUS
1074 944 1142 1038 IX

599 1181 666 1250 An
693 1179 1075 1270 vusrssrsuuu
1104 1180 1187 1252 on.
1220 1206 1253 1252 2.

408 1563 590 1647 AEmnrtrrs
603 1613 665 1646 mox
678 1615 709 1647 oc
720 1611 839 1668 proeturoe
852 1598 1019 1666 candidatus,
1033 1611 1084 1650 etr.
1100 1599 1177 1652 Hunc
1194 1600 1285 1651 locum
1300 1613 1435 1671 corruptum

408 1695 481 1744 esse,
495 1694 574 1728 nemo
594 1676 712 1748 ambigit.
731 1679 823 1750 Itaque
841 1677 893 1730 hoo
912 1678 1019 1731 liberius
1034 1680 1108 1731 ineo
1126 1680 1276 1752 poterimus
1293 1684 1391 1733 versari.
1405 1684 1436 1733 Ao

407 1757 596 1827 primumcum
617 1755 651 1809 de
669 1769 761 1809 nostru
780 1761 909 1810 sententio
926 1761 1135 1810 constituemus:
1153 1758 1250 1811 deinde
1264 1760 1374 1830 breviter
1387 1759 1436 1812 illu-

409 1835 567 1902 mulsimus,
583 1849 608 1888 et
623 1837 736 1890 aliorum
751 1841 895 1892 sententies
907 1838 1064 1890 refellemus.
1079 1839 1120 1890 Sic
1131 1840 1213 1909 igitur
1223 1851 1309 1892 totum
1319 1839 1399 1890 locum
1409 1839 1437 1890 lo·

407 1915 522 1986 gendum
533 1929 673 1988 putamus:
690 1941 701 1963 ι
712 1920 832 1986 Qutestor
842 1919 948 1971 Cretam
960 1934 987 1972 et
997 1921 1128 1992 Cyrenas,
1140 1920 1303 1990 provinciam
1312 1957 1321 1985 ‚
1330 1931 1394 1972 sorte
1403 1939 1436 1972 ee·
1519 1931 1520 1972 ἓ

408 1998 462 2067 pit:
478 1997 608 2050 aedilitatis
621 2017 696 2065 mox,
713 2017 743 2050 ao
757 2012 877 2068 praeturae
890 1999 1057 2052 candidatus.
1075 2001 1104 2052 Et
1118 1998 1189 2050 illam
1202 2018 1258 2050 uon
1270 2001 1326 2052 siue
1336 1999 1437 2072 repulsa.

410 2090 536 2148 sextoque
546 2077 623 2145 loco,
635 2080 677 2131 vix
690 2079 803 2151 adeptus
817 2093 870 2132 est:
888 2093 915 2131 at
927 2083 1010 2150 prima
1025 2081 1111 2132 statim
1126 2081 1272 2151 petitione,
1283 2095 1310 2132 et
1320 2082 1437 2151 inprimit,
1519 2079 1520 2136 Ῐ

410 2157 516 2224 Praetor,
533 2157 651 2210 infensus
663 2158 788 2225 Senatui,
803 2174 877 2212 etc.»
896 2162 1011 2211 Primum
1025 2162 1106 2230 igitur
1116 2156 1143 2210 ro*
1157 2179 1220 2212 mox
1236 2179 1285 2213 suo
1301 2158 1358 2212 loeo
1375 2161 1438 2212 resti·
1518 2165 1521 2224 ἵ

410 2238 507 2288 tuimus
515 2240 730 2310 transpositione.
741 2239 911 2291 lntervallum
921 2239 1037 2310 plurium
1048 2257 1194 2305 annorum,
1205 2238 1278 2310 quod
1287 2241 1337 2292 lex
1346 2239 1438 2293 Auoslis
1518 2239 1521 2322 ι

410 2319 485 2388 ponit
502 2319 570 2372 iuter
582 2337 739 2393 quaesturam
755 2320 958 2389 aedilitatem,
972 2324 1035 2374 item
1051 2323 1130 2374 unius
1144 2334 1247 2373 tantum
1262 2324 1331 2374 inter
1345 2321 1406 2374 bauo
1418 2335 1439 2374 et
1520 2329 1521 2378 f

410 2413 548 2468 praeturam
562 2401 642 2468 fecit,
655 2417 683 2454 ut
694 2420 756 2456 mox
768 2401 802 2454 ad
813 2417 953 2473 praeturam
964 2403 1158 2454 transferretur.
1173 2401 1225 2455 Sed
1238 2401 1275 2454 illi
1292 2401 1375 2474 plures
1387 2405 1439 2454 tuni

411 2492 467 2529 tum
482 2478 590 2532 demum
609 2497 766 2554 quaesturam
784 2496 810 2534 et
829 2482 978 2534 oedilitatem
997 2482 1180 2547 intercedunt,
1199 2481 1247 2534 ubi
1266 2485 1324 2553 quis
1338 2483 1442 2550 Quastor

412 2575 483 2611 anno
496 2578 544 2612 suo
556 2563 642 2614 fartus
653 2577 700 2616 est.
714 2565 803 2614 Potest
815 2577 903 2614 autem
914 2565 1092 2633 Vespasianus
1104 2581 1157 2613 uon
1170 2579 1219 2613 suo
1233 2580 1320 2627 auno,
1332 2559 1376 2613 sed
1386 2559 1441 2612 mul·

411 2637 443 2688 tis
456 2642 531 2691 aunis
543 2655 604 2712 post
614 2641 720 2696 demum
729 2644 852 2710 Quaestor
861 2643 948 2694 factus
959 2660 1030 2708 esse,
1041 2642 1113 2714 quod
1124 2661 1139 2693 e
1149 2640 1248 2694 familia
1259 2641 1369 2694 obscura
1377 2651 1441 2694 esset
1521 2667 1522 2714 p

411 2717 493 2768 Porro
505 2716 531 2769 ri
547 2721 626 2772 etiam
638 2711 760 2777 vitiosu'm
773 2739 845 2786 esse,
861 2719 962 2772 dudum
973 2719 1047 2772 docti
1061 2721 1115 2772 Viri
1130 2718 1319 2785 observarunt,
1330 2718 1379 2771 alio
1389 2717 1441 2770 orli-
1521 2769 1522 2776 ,

413 2792 530 2862 litatem,
550 2799 602 2850 alio
617 2800 709 2868 illum,
730 2799 802 2872 quod
816 2799 926 2866 melius,
940 2811 1095 2872 reponente.
1110 2801 1209 2850 Nostra
1226 2797 1373 2850 emendatio
1389 2815 1442 2870 pro-

412 2873 480 2926 xime
492 2876 595 2929 accedit
606 2893 632 2932 et
644 2878 678 2932 ad
689 2880 800 2949 vestigia
808 2880 920 2948 vulgate
932 2879 1069 2944 lectionis,
1081 2891 1107 2931 st
1119 2877 1152 2930 sd
1165 2877 1381 2930 cousuetudinem
1390 2877 1443 2930 Sue·
1521 2903 1522 2936 ι

414 2956 494 3021 tonii‚
507 2976 576 3025 rem,
591 2962 741 3012 summatim
751 2961 932 3032 propositam,
943 2978 992 3031 per
1001 2972 1090 3031 partes
1099 2959 1247 3030 explicares
1260 2959 1289 3010 in
1299 2977 1351 3031 quo
1360 2955 1444 3010 addere

413 3033 480 3087 solet
490 3039 568 3090 etism
579 3042 700 3112 ᾳιιίάιιιιι,
716 3039 763 3092 sed
775 3059 830 3092 non
841 3058 953 3110 semper.
967 3039 1066 3110 Supra,
1077 3038 1164 3090 Vitell.
1178 3057 1238 3110 cup.
1250 3036 1284 3105 5,
1297 3061 1310 3085 ι
1318 3041 1344 3090 ίιι
1354 3039 1445 3110 proriu-

413 3116 495 3167 cia....
508 3131 535 3169 at
548 3120 575 3171 in
588 3120 691 3172 urbano
705 3121 803 3173 officio.
816 3143 826 3168 ι
843 3119 921 3173 Couf.
932 3137 990 3192 cup.
1006 3137 1031 3188 9.
1045 3119 1166 3189 Denique
1177 3130 1205 3171 at
1217 3136 1267 3188 pro
1279 3137 1310 3170 ac
1321 3115 1445 3188 legendum

414 3189 515 3247 dudum
531 3196 639 3268 plurimi
657 3199 795 3266 viderunt,
814 3210 924 3269 propter
943 3197 1118 3268 oppositionis
1138 3196 1275 3248 rationem.
1297 3197 1354 3248 Hoc
1371 3206 1447 3246 sutem

414 3275 553 3328 certiorem
566 3279 697 3349 reperient
712 3279 825 3332 lectores
839 3291 958 3330 nostram
974 3277 1204 3343 emendationem,
1222 3275 1264 3327 liis
1282 3273 1446 3328 consideratis

416 3356 530 3408 Primum
548 3359 647 3426 verba,
666 3380 719 3414 non
732 3362 787 3413 siue
807 3358 923 3430 repulsa,
937 3369 1059 3430 sextoque
1077 3357 1135 3410 loco
1154 3358 1213 3422 vix,
1232 3358 1311 3408 unice
1330 3357 1449 3427 pertinere

417 3448 487 3502 patet
497 3437 531 3488 ad
544 3438 709 3507 aedilitatem,
724 3460 806 3514 quum
820 3455 930 3512 propter
945 3452 1082 3491 structurae
1097 3438 1243 3502 rationem,
1256 3450 1313 3488 tum
1327 3437 1450 3507 quial'rts·

415 3529 458 3566 tor
469 3514 564 3569 dicitur
580 3521 606 3571 in
625 3523 715 3592 primis
731 3522 817 3574 lactus
834 3538 905 3572 esse:
922 3521 966 3590 qui
980 3532 1069 3570 autam
1083 3531 1157 3574 sexto
1174 3515 1235 3569 loco
1248 3520 1282 3570 sit
1292 3519 1393 3582 Praetor,
1403 3532 1451 3566 non

416 3613 479 3647 sane
489 3599 522 3648 sit
531 3599 557 3649 io
570 3603 662 3671 primis
672 3623 677 3652 ι
691 3616 721 3652 ut
731 3600 796 3653 nihil
808 3601 894 3653 dicam
904 3599 938 3652 de
946 3599 1049 3666 verbis,
1059 3598 1244 3673 primastatt'm
1252 3596 1391 3670 petitione,
1401 3611 1451 3664 que

358 3693 362 3700 ·
417 3687 441 3726 et
453 3677 511 3747 ipsa
521 3675 554 3729 de
564 3694 676 3750 praetura
691 3682 821 3752 capienda
831 3698 891 3732 mox
901 3679 1081 3732 ostendemus.
1092 3677 1294 3729 Dubitatiouem
1304 3686 1389 3726 moret
1398 3674 1452 3724 llut-

417 3775 530 3810 mannus
542 3759 619 3828 inde,
629 3761 717 3833 quod,
731 3765 754 3816 si
763 3775 835 3814 sexto
847 3761 906 3812 loco
919 3759 1010 3812 AEdilis
1020 3759 1116 3823 fuerit,
1128 3757 1255 3808 frumenti
1264 3773 1354 3806 curam
1363 3753 1452 3804 ballue

417 3841 464 3890 rit:
479 3840 552 3911 quod
564 3861 711 3912 repugnare
726 3843 787 3894 loco
799 3841 889 3907 atteri,
907 3857 931 3892 o.
944 3841 976 3906 5,
993 3837 1040 3892 ubi
1054 3857 1145 3891 curam
1159 3838 1263 3888 viarum
1275 3835 1395 3901 habuisse
1405 3846 1452 3884 trt-

417 3916 502 3970 datur.
516 3921 669 3986 Enimvero,
682 3921 752 3974 unde
763 3919 1018 3984 demonstrabimus,
1034 3938 1093 3984 eos,
1110 3917 1158 3987 qui
1170 3917 1265 3988 quinto
1280 3930 1307 3968 et
1317 3928 1386 3967 sexto
1399 3910 1451 3962 loco

419 3997 514 4050 AEdiles
524 4001 727 4068 destituerint,
738 4019 841 4070 semper
850 3999 971 4052 Cereales
983 3999 1081 4050 luisse?
1092 3997 1149 4063 Au,
1162 3996 1224 4066 quis
1235 3997 1360 4046 frumenti
1371 4007 1452 4043 causta

419 4081 526 4149 quintus
538 4093 564 4130 et
577 4093 664 4132 sextus
679 4099 829 4146 accessere,
844 4080 993 4132 necessario
1004 4077 1111 4129 ultimus
1121 4075 1187 4127 loeis
1202 4073 1280 4126 electi
1291 4074 1359 4126 lranc
1372 4085 1452 4123 curam

419 4158 550 4210 habuere?
563 4163 621 4210 Non
634 4159 687 4211 hoc
698 4139 863 4231 consequens
877 4173 923 4216 est.
935 4159 1038 4223 Locus,
1051 4175 1103 4229 quo
1118 4157 1177 4227 quis
1187 4157 1303 4220 creatur,
1314 4165 1411 4205 tantum
1420 4151 1452 4199 io·

419 4237 504 4304 dicar,
520 4257 599 4309 quam
614 4240 672 4309 quis
683 4241 812 4310 gratiosus
824 4241 857 4294 sit
868 4237 939 4310 apud
952 4257 1011 4304 eos,
1024 4238 1069 4308 qui
1082 4249 1187 4288 creant:
1201 4254 1255 4287 uon
1272 4253 1351 4307 quam
1362 4242 1451 4302 partem
