3076 5146
459 565 777 634 nourrmuus.
802 644 806 650 ¹
1077 581 1138 658 401

95 688 128 752 in
143 678 204 755 his'
213 687 343 782 aliquot
356 689 568 770 consulares,
582 683 791 759 intercanit⁵i
805 718 845 760 ex
860 695 982 788 quibus
995 703 1144 772 Civicum

1 788 2 846 3
93 796 281 868 Cerialem⁶
302 801 337 865 ia
357 802 431 891 ipso
449 803 536 867 Asiae
556 796 817 892 proconsulatu3
840 803 1065 878 Salvidienum
1085 815 1144 880 Or·

1 907 2 942 ³
93 907 227 990 fitumt,
246 909 388 978 Acilium
406 911 643 979 Glabrionem8
660 915 694 978 in
710 913 842 998 exsilio,
861 920 957 1009 quasi
973 921 1144 995 molitores

93 1042 262 1088 noverum
282 1045 414 1091 rerum:
438 1039 567 1091 ceteros
590 1024 756 1092 levissima
778 1049 946 1122 quemque
965 1029 1008 1096 de
1026 1055 1142 1103 causa:

1 1163 2 1168 ¹
93 1129 218 1199 AElium
232 1136 382 1200 Lamiam
390 1145 415 1216 ⁹,
431 1134 474 1201 ob
490 1137 691 1228 suspiciosos
706 1135 861 1231 quidem,
877 1163 994 1208 verum
1007 1151 1144 1214 et'vete-

92 1263 147 1309 res
164 1259 199 1309 et
217 1245 371 1312 innoxios
387 1243 502 1339 jocos;
521 1245 612 1341 quod
629 1264 706 1339 post
719 1247 898 1340 abductam
915 1275 1055 1351 uxorem
1071 1257 1143 1326 lau·

92 1352 187 1421 danti
204 1379 322 1423 vocem
342 1380 457 1440 suam,
476 1376 588 1431 εὐτακτώ
607 1357 751 1440 dixeram
773 1359 931 1456 quodque
951 1367 1046 1450 Tito,
1064 1368 1143 1437 hor'·

92 1467 177 1531 tenti
200 1488 237 1532 se
256 1464 299 1533 ad
318 1467 462 1536 alterum
479 1471 748 1551 matrimonium,
766 1469 1003 1563 responderat,
1024 1487 1087 1571 '⁰3⁰5
1102 1500 1144 1552 sat

92 1718 218 1772 honesto.
229 1711 315 1794 Impia
325 1722 423 1776 leuatus
434 1727 528 1796 estqui
539 1743 597 1776 ver·
641 1725 779 1776 nominum
794 1726 907 1778 formam
924 1729 1095 1798 flectebatur,
1115 1749 1144 1788 ut

91 1799 132 1852 bis
155 1800 222 1853 laesit
242 1793 445 1868 uerecundiam,
467 1805 597 1875 majestati
644 1803 739 1870 Cicero,
747 1806 828 1871 Naso,
837 1806 976 1875 statutus,
984 1823 1034 1862 etc.
1043 1811 1145 1883 Regnat

1 1943 2 1949 1
90 1880 222 1951 Principis
245 1879 371 1934 debitam.
392 1885 431 1935 Cl.
453 1883 486 1936 ed
509 1883 595 1936 Vitell.
642 1897 730 1935 tamen
750 1885 837 1938 Civica
855 1905 1003 1957 cognomen
1022 1895 1100 1946 etiem
1116 1895 1144 1950 in

91 1958 122 2026 3,
135 1972 163 2009 et
173 1961 287 2030 interpr.
299 1959 333 2011 ad
345 1961 409 2014 Plin.
423 1967 549 2034 Paneggr.
566 1979 593 2014 tt
641 1965 744 2030 Tacito,
755 1967 801 2036 qui
811 1967 897 2035 Agric.
906 1968 950 2034 42,
964 1970 1143 2044 sAderatjam

90 2051 117 2089 et
128 2038 178 2104 33,
190 2037 251 2107 ubi,
266 2043 345 2092 «Jatn
357 2060 436 2113 quam
447 2041 527 2094 libera
539 2061 596 2114 spe·
642 2061 740 2109 annus,
751 2063 804 2115 quo
814 2049 1030 2116 proconsulatum
1041 2053 1108 2106 Asiae
1118 2069 1144 2109 et

91 2118 220 2169 stantium
233 2117 333 2185 studia,
348 2137 427 2190 quam
438 2136 548 2174 securus
559 2123 596 2172 fa·
642 2123 734 2176 Africae
751 2127 904 2194 sortiretur,
920 2140 945 2180 et
959 2131 1040 2184 occiso
1055 2134 1142 2187 Ciuica

47 2205 50 2210 ’
90 2201 151 2248 vor!
167 2195 275 2250 Nemini
290 2200 421 2271 impietas,
437 2213 467 2253 ut
478 2201 595 2268 solebat,
642 2221 731 2275 nuper,
745 2221 794 2256 nec
806 2204 934 2276 Agricolae
947 2211 1087 2266 consilium
1100 2215 1144 2270 de·

91 2273 198 2347 affecta,
208 2275 283 2348 qnod
289 2277 594 2352 odissetgladiatorem...
641 2297 710 2346 crat,
724 2299 773 2334 nee
782 2283 934 2337 Domitiano
944 2291 1100 2361 exemplum.
1111 2319 1122 2342 s

1 2407 3 2419 Ι
56 2383 57 2386 =
91 2353 207 2405 Demens
220 2353 278 2420 ille,
288 2357 395 2428 verique
405 2356 514 2409 honoris
525 2361 596 2427 igna-
655 2371 657 2378 ’
682 2379 706 2431 7.
729 2349 909 2415 Salvidienum
933 2365 1053 2440 Orfitum
1076 2373 1141 2425 Vide

91 2441 154 2498 rus,
165 2431 214 2504 qui
225 2434 336 2485 erimina
348 2437 489 2506 majestatis
502 2437 532 2488 in
542 2455 596 2488 are·
640 2438 1139 2517 Philostrar.npoll.vtt,14‚etv111,3.

92 2529 126 2560 ua
144 2510 300 2582 cailt'qebat,
316 2530 398 2563 ec...
413 2513 460 2565 sibi
474 2514 596 2566 maledici
676 2523 699 2574 8.
714 2523 828 2575 Acilium
841 2524 1140 2590 Glabrionemfflonsu.
1233 2543 1235 2547 ’

1 2591 2 2630 l
91 2587 188 2640 inillis
203 2587 407 2658 (gladiatoribus
423 2593 506 2664 suis),
522 2605 595 2646 suant
640 2597 692 2650 lem
710 2619 771 2653 ann.
792 2603 859 2670 844,
879 2621 939 2656 curn
955 2609 1079 2676 Trajano.
1099 2613 1140 2664 Cl.

90 2667 354 2733 divitissumum
371 2689 469 2722 numen
485 2672 594 2738 violari,
639 2679 740 2752 xiphil.
753 2683 859 2750 LXVll,
874 2693 903 2735 ti
917 2697 943 2736 et
959 2703 970 2758 ¹.
973 2686 998 2752 4
1010 2689 1059 2741 lllo
1073 2703 1141 2743 tem·

90 2746 517 2819 interpretabatur3quumseidem
526 2753 597 2822 qaod
640 2762 738 2828 porein
747 2761 865 2814 exsilium
873 2778 971 2830 actum,
983 2781 1008 2819 et
1018 2787 1080 2822 ann.
1089 2772 1140 2838 848

91 2825 172 2891 Deos,
184 2825 253 2876 idem
264 2824 421 2897 gladiatores
430 2828 500 2899 quod
511 2841 596 2900 se'pu·
639 2842 822 2908 interfectum,
838 2858 913 2914 putat
925 2847 1037 2900 Reimar.
1182 2839 1184 2844 Ι

91 2904 196 2956 tabat.»
261 2939 262 2944 =
631 2909 634 2932 ¹
675 2940 700 2992 9.
714 2923 814 2976 AE'lium
827 2925 953 2979 Lamiam.
965 2925 1031 2982 Vide
1043 2949 1101 3003 cap.
1118 2952 1140 2997 ις

127 2983 151 3036 5·
165 2983 317 3055 Complures
324 2982 490 3041 Settsswmn·
502 2990 595 3040 fnit-'re'
639 3001 759 3053 Juvenal.
772 3002 824 3054 Sat.
836 3005 881 3068 lV,
896 3005 1022 3071 154.lllox
1033 3007 1143 3062 adamat

92 3067 147 3116 mir.
169 3067 210 3118 cf.
233 3065 332 3137 Xiphil.
353 3067 461 3133 vatl,
483 3068 512 3135 3,
534 3072 594 3141 qul,
640 3095 794 3152 ecorrupto
808 3081 856 3132 lteu
870 3094 953 3148 taceo,
967 3087 1140 3155 quodortum

93 3161 114 3194 c.
129 3161 175 3207 tt,
188 3145 296 3195 Antonii
309 3144 408 3196 bellum
423 3148 498 3199 civile
513 3146 595 3219 pluri·
640 3173 695 3211 erat
708 3177 722 3210 e
733 3159 826 3211 Graeco·
837 3160 935 3214 Latinis
947 3163 1028 3216 literis
1039 3169 1139 3238 scripto

1 3265 2 3276 .
93 3225 139 3276 mis
146 3221 265 3274 caedibus
275 3225 441 3276 occasionem
450 3243 594 3300 ausamque
638 3249 753 3305 eutacto,
765 3239 922 3310 nullumque
931 3243 986 3312 joci
999 3245 1140 3316 vestigium

92 3303 593 3372 dedissenarrat.Eumdemvide,e.12.
639 3316 1137 3390 exhibebat,erueratjam,alteroCod.

125 3384 150 3435 6.
177 3381 296 3434 Ciuicam
317 3383 452 3438 Cerialem.
472 3387 512 3437 lta
530 3390 595 3439 scri-
640 3395 758 3464 adjutus,
775 3398 890 3472 Scaliger
906 3399 980 3468 (vide
997 3393 1142 3477 Gasaub.),

92 3463 210 3534 psimus,
227 3476 337 3514 auctore
349 3465 428 3515 etiam
440 3467 593 3532 Torrentio,
638 3476 685 3528 sed
698 3478 724 3528 in
734 3495 812 3529 sensu
823 3493 970 3544 erraverat,
986 3500 1065 3552 quern
1078 3485 1141 3537 vidit

91 3561 137 3613 pro
146 3541 219 3613 vulg.
231 3542 345 3595 Ciuicam
357 3542 494 3598 Cerealem.
508 3549 594 3600 Ceria-
637 3555 754 3609 Gronov.
768 3551 870 3612 collatis
883 3561 978 3613 AElian.
987 3565 1062 3616 Varr.
1073 3567 1140 3620 Hist.

93 3621 122 3674 lis
135 3634 162 3674 et
173 3624 201 3672 iu
214 3622 319 3688 narnis,
334 3635 359 3674 et
372 3624 398 3674 in
410 3625 494 3676 Taciti
506 3625 593 3693 libris,
637 3639 685 3702 Ill,
697 3639 744 3703 30,
755 3652 780 3690 et
790 3639 900 3706 Nostro,
912 3644 973 3694 Ner.
984 3663 1031 3710 πο,
1043 3647 1140 3716 quibus

92 3701 136 3753 abi
149 3703 396 3772 frequentissimum
412 3703 464 3756 hoc
481 3725 594 3772 nomen,
638 3715 844 3771 addit'Oudend‚
858 3721 1141 3791 Epi01,35,1)iceban.

92 3783 223 3835 scribitur.
233 3783 348 3835 Ciuicam
359 3797 446 3836 eutcm
457 3786 530 3838 nullo
540 3805 594 3838 ruo-
638 3799 756 3849 tureuim
764 3797 893 3865 abraserit,
902 3804 947 3871 qui
955 3807 1140 3860 conservanda·

92 3861 124 3914 do
134 3879 305 3934 concoquere
314 3866 405 3934 potui,
418 3883 593 3938 quemquam,
638 3877 711 3926 vocis
724 3895 805 3930 causa
820 3879 891 3929 omui
904 3877 1014 3933 libidine
1027 3883 1141 3938 abstine·

93 3941 257 3994 substantiva
268 3959 319 4014 pro
329 3944 481 3996 nominibus
492 3945 599 4024 addita,¹
638 3951 719 4020 bant,
735 3952 763 4004 id
778 3955 866 4023 quod,
881 3975 909 4007 se
923 3967 1029 4031 'quoque
1039 3961 1141 4026 facere,

94 4022 217 4072 evincunt
231 4019 344 4074 evilell.
360 4019 406 4086 15,
419 4021 466 4074 ubl
476 4022 595 4075 Vitellius
640 4049 688 4100 per
696 4034 788 4102 jocum
800 4035 890 4088 Lamia
902 4036 1020 4104 dicebat,
1032 4043 1076 4091 cui
1089 4043 1141 4094 Do.
1200 4069 1209 4086 a

95 4099 241 4152 Concordia
250 4117 400 4170 cognomen
414 4105 545 4174 recepisse
554 4103 595 4154 di·
641 4113 763 4166 mitianus
776 4115 863 4166 uxoris
875 4134 951 4167 usum
964 4118 1113 4189 eripuisset.

94 4179 169 4230 citur.
185 4178 225 4230 lbi
238 4183 309 4233 enim
321 4199 362 4233 res
373 4181 511 4252 singularis
520 4201 596 4235 rere·
680 4203 718 4238 ιο.
735 4185 774 4238 Mi
784 4191 824 4240 sei
836 4191 865 4241 orl
874 4191 984 4257 pagatim
996 4195 1088 4262 blasae,
1100 4199 1142 4250 in·

95 4259 278 4330 quer-idicula,
289 4274 314 4314 et
323 4260 388 4313 alins
399 4263 560 4317 substantiva
568 4267 594 4316 in
642 4278 800 4337 terpretatur
810 4270 960 4324 lllarcilins:
976 4277 1067 4328 «Num
1077 4290 1103 4330 et
1113 4291 1143 4330 tu

186 4351 233 4417 ΙΙ.
961 4364 1003 4428 26
