3054 5152
400 540 462 608 116
517 529 523 536 ’
561 577 564 584 =
768 539 803 602 C.
830 538 1059 604 SUETONll

394 663 552 734 stratibus
559 662 738 754 provinciae
748 662 1037 744 interdicerentur,
1048 663 1140 731 Urbe
1151 687 1286 760 quoque
1295 682 1329 734 et
1342 666 1433 732 ltalia

393 787 696 843 summoverentur.
715 776 790 862 lpse
807 770 971 866 quosdam
985 797 1072 840 novo
1088 774 1242 866 exemplo
1255 773 1432 867 relegavit,

393 903 430 954 ut
442 885 529 953 ultra
541 882 687 976 lapidem
704 884 838 971 tertium
850 899 977 950 vetaret
992 883 1105 977 egredi
1121 884 1164 952 ab
1178 885 1280 953 Urbe.
1299 892 1349 954 De
1365 909 1433 953 ma-

389 995 463 1091 jore
483 996 618 1088 negotio'
634 1010 771 1060 acturus
792 995 827 1059 in
850 996 969 1077 Curia,
991 994 1121 1063 medius
1139 999 1228 1063 inter
1247 996 1432 1064 Consulum

392 1108 507 1194 sellas,
527 1105 703 1174 tribunicio
725 1103 883 1172 subsellio
905 1103 1069 1172 sedebat⁵.
1092 1110 1323 1188 Commeatus,
1341 1110 1432 1174 aSe·

390 1195 552 1311 nattipeti
564 1215 694 1296 solitos
708 1214 859 1281 beneficii
873 1217 924 1282 sui
938 1215 1042 1283 fecit⁶.

437 1332 554 1394 XXIV.
588 1327 793 1392 Ornamenta
818 1323 1006 1392 consularia
1031 1329 1130 1393 etiam
1158 1327 1433 1419 procuratoribus

390 1437 593 1506 ducenariis¹
622 1432 771 1501 indulsit.
801 1437 1007 1502 Senatorium
1029 1435 1224 1528 dignitatem
1248 1445 1432 1506 recusanti-

390 1549 469 1628 bus,
482 1561 671 1638 equestrem
685 1568 819 1638 quoque
833 1542 967 1611 ademit.
980 1551 1101 1612 Latum
1113 1546 1262 1632 clavum,
1278 1552 1433 1642 quamvis

391 1662 483 1726 initio
495 1657 711 1738 affirmasset,
724 1681 793 1723 non
805 1657 969 1739 lecturum
983 1668 1036 1726 se²
1051 1663 1260 1743 Senatorem,
1275 1665 1341 1729 nisi
1352 1666 1433 1730 civis

391 1769 532 1836 Romani
545 1765 765 1859 abnepotem,
783 1769 881 1833 etiam
897 1767 1042 1836 libertini
1055 1768 1124 1836 filio
1140 1769 1271 1855 tribuit;
1291 1771 1352 1839 sed
1368 1773 1433 1841 sub

390 1877 595 1958 conditione,
610 1879 637 1944 si
656 1879 749 1970 prius
769 1875 811 1942 ab
832 1881 951 1970 Equite
970 1885 1120 1947 Romano
1134 1880 1314 1973 adoptatus
1332 1901 1430 1952 esset.

391 1997 437 2058 Ac
459 1991 507 2057 sic
528 2012 664 2082 quoque
687 1987 981 2079 reprehensionem
1003 2013 1140 2073 verens,
1164 1993 1265 2058 etiam
1286 1995 1433 2084 Appium

390 2105 523 2168 Caecum
532 2099 1433 2192 Censorem,generissniproauctorem,libertinorunt

391 2211 475 2276 lilios
490 2213 524 2276 in
543 2213 700 2277 Senatum
718 2207 871 2298 allegisse
886 2208 1032 2292 docuit³;
1050 2213 1205 2302 ignarus,
1223 2211 1433 2302 temporibus

393 2423 486 2456 norunt
496 2402 595 2474 plebis,
608 2404 738 2454 sancitum
748 2416 826 2454 antea
836 2405 891 2455 fne—
935 2405 978 2456 cit.
992 2405 1032 2456 Cf.
1043 2405 1107 2467 Dio,
1120 2405 1178 2470 LX,
1193 2401 1233 2456 25.
1247 2405 1378 2456 Nimirum
1390 2424 1435 2456 an-

391 2499 432 2538 rat
450 2485 506 2557 leqe
517 2481 613 2546 Atilia,
628 2482 706 2553 idque
718 2485 778 2550 jus,
790 2496 890 2534 tutores
937 2497 978 2534 tea
993 2481 1163 2535 Senatoribus
1177 2495 1341 2534 commeatus
1358 2483 1435 2534 datus

392 2561 889 2622 constituendi,communicatumetiam
936 2575 990 2612 erat
1013 2582 1027 2612 a
1050 2560 1194 2612 Cesaribus
1220 2579 1267 2632 per
1290 2563 1435 2624 Senatum

394 2661 453 2694 cum
465 2642 661 2712 provinciarum
670 2637 826 2708 presidibus
836 2637 891 2710 depe
935 2639 1152 2691 Claudiosantem
1161 2643 1375 2693 eamreniamsui
1383 2656 1436 2693 tan·

392 2723 466 2776 Jult'a
478 2731 504 2771 et
516 2719 597 2785 Titia,
613 2736 673 2768 aun.
687 2727 746 2787 722³.
762 2719 839 2767 Nunc
851 2737 891 2769 se·

394 2797 594 2852 natttsconsulto
614 2795 761 2847 Claudiano
783 2794 891 2846 deman-

394 2881 458 2933 data
471 2898 501 2932 eo
517 2897 558 2938 res
572 2886 643 2926 extra
657 2875 772 2926 ordinem
788 2875 891 2926 Constr-

393 2963 478 3026 libus,
491 2955 564 3029 quod
575 2955 681 3024 Trajani
693 2951 779 3004 adhuc
792 2967 891 3024 tempo·

394 3041 466 3093 ribus
478 3037 589 3088 valuisse
603 3045 676 3104 patet
688 3052 719 3083 ex
729 3033 796 3083 Plin.
809 3034 892 3102 Epist.

395 3122 444 3184 tx,
458 3119 503 3168 ·t3.
521 3117 583 3167 Mox
603 3133 617 3164 a
635 3113 671 3162 M.
687 3113 822 3163 Antonino
839 3115 892 3163 siu-

393 3200 491 3269 gularis
504 3196 639 3246 institutus
659 3204 697 3243 est
713 3193 813 3243 Praetor
826 3202 891 3242 tute-

394 3277 454 3328 laris
464 3275 504 3326 rel
516 3271 664 3345 pupillaris.
677 3270 753 3320 cont.
767 3271 888 3321 Heinecc.

395 3356 455 3406 Ant.
470 3353 584 3412 Roml,
598 3351 637 3399 tit.
652 3350 825 3417 ao,§9seq.

430 3431 454 3483 5.
474 3430 603 3481 Medius...
617 3427 724 3478 sedebat.
735 3427 813 3478 Conf.
826 3429 892 3492 Dio,

394 3511 455 3574 Lx,
474 3507 520 3571 16,
535 3505 580 3555 ubi
598 3504 751 3554 relationem
766 3504 798 3554 ad
813 3504 892 3555 Sena-

394 3600 448 3637 tum
470 3593 600 3634 memorat
618 3580 651 3631 de
673 3581 803 3632 seditione
822 3583 889 3634 Scri·

351 3674 355 3684 ¹
392 3663 511 3714 boniani.
531 3657 631 3730 Eodem
650 3672 774 3722 auctore,
797 3659 890 3726 XblV,

393 3742 423 3810 4,
438 3742 533 3794 cesari
551 3757 600 3808 pro
614 3757 716 3790 summo
730 3739 831 3790 honore
845 3740 891 3791 de-

393 3838 518 3875 cretuma
533 3832 625 3870 senatu
644 3821 709 3882 fuit,
723 3831 752 3869 ut
766 3821 792 3869 in
806 3820 890 3871 tribu-

391 3906 466 3955 niciis
476 3899 605 3952 subselliis
616 3897 732 3962 sederet,
746 3915 798 3968 quo
809 3900 889 3950 modd

391 3996 417 4034 et
438 3980 583 4050 Caligulam
606 3979 707 4047 ipsunt,
726 3976 789 4028 dunt
809 3997 890 4048 regna

390 4059 488 4132 regulis
509 4055 618 4121 tribuit,
639 4054 772 4106 sedentem
793 4073 889 4126 repre-

391 4151 476 4191 sentat
492 4136 565 4198 le,
581 4150 619 4185 ¹2.

425 4216 449 4266 6.
471 4216 660 4265 Cotnmeatus...
677 4208 794 4279 beneficii
804 4213 890 4284 suise-

936 2731 990 2767 turn
996 2719 1062 2786 juris
1070 2717 1244 2789 beneficiique
1252 2719 1437 2784 ie'cit,omisso

936 2797 1040 2848 Senatu.
1056 2797 1123 2848 Vide
1137 2797 1208 2868 Lips.
1221 2797 1254 2848 ad
1267 2799 1353 2850 Tacit.
1368 2803 1434 2851 Anu.

935 2877 995 2940 Xll,
1009 2876 1057 2939 23;
1070 2877 1171 2928 Ernest.
1185 2875 1219 2928 od
1234 2876 1259 2927 h.
1276 2877 1292 2928 l.

971 2955 1062 3006 XXlV.
1087 2971 1107 3004 t.
1130 2955 1342 3006 Procuratoribus
1359 2955 1439 3007 duce-

937 3035 1023 3086 uariis.
1032 3035 1134 3100 Quum,
1145 3047 1246 3084 mutato
1256 3037 1339 3086 veteri
1351 3055 1438 3098 more,

937 3113 1130 3182 magistratibus
1140 3113 1334 3183 provinciarum
1345 3116 1380 3166 ab
1389 3120 1439 3167 An-

936 3205 1014 3261 gusto
1023 3204 1092 3242 certa
1101 3191 1193 3241 salaria
1202 3193 1356 3261 praescripta
1367 3207 1438 3256 sunt,

936 3273 1082 3322 institutum
1105 3281 1130 3320 et
1148 3267 1215 3334 boc,
1236 3281 1266 3320 ut
1287 3269 1437 3335 ducertarii,

935 3349 1091 3411 centenarii,
1106 3348 1266 3420 sexagenarii
1274 3346 1437 3414 dicerentur,

939 3447 1049 3500 quornm
1058 3427 1218 3499 stipendium
1228 3441 1316 3478 essent
1326 3426 1440 3492 ducena,

937 3522 1068 3572 centena,
1089 3507 1129 3557 vel
1152 3523 1281 3575 sexagena
1304 3507 1437 3559 Sestertio.

936 3587 1000 3650 Dio,
1012 3587 1079 3650 Llll,
1091 3585 1135 3651 15,
1146 3584 1192 3634 nbi
1201 3583 1259 3634 vide
1268 3601 1336 3653 quos
1346 3583 1440 3637 laudet

935 3663 1037 3714 Fabric.

973 3759 995 3791 2.
1019 3739 1081 3792 Non
1103 3738 1227 3790 lectumm
1249 3757 1290 3804 se,
1314 3751 1365 3788 etc.
1386 3739 1439 3802 Se,

936 3821 1089 3892 absorptum
1100 3821 1127 3870 in
1140 3819 1273 3890 plerisque
1287 3837 1301 3869 a
1312 3833 1441 3889 sequente

934 3901 1099 3966 saltatorem,
1119 3917 1150 3950 ex
1170 3901 1276 3968 optimis
1290 3897 1377 3949 Codd.
1396 3917 1440 3951 re.-

935 3983 1076 4030 stitnerunt
1093 3975 1203 4043 Burin,
1223 3975 1367 4041 Oudend,
1388 3979 1439 4029 Er-

934 4071 1017 4122 nest,
1032 4071 1058 4109 et
1072 4057 1249 4108 necessarium
1262 4055 1296 4106 ad
1311 4054 1365 4107 loci
1376 4074 1440 4128 per·

934 4136 1099 4207 spicuitatem
1110 4138 1170 4206 jure
1182 4147 1273 4186 monet
1285 4134 1410 4189 Wolfius.

969 4215 994 4266 3.
1010 4215 1098 4266 Etiam
1109 4215 1223 4285 Appium
1237 4213 1350 4265 (lecum.
1359 4255 1363 4265 .
1373 4254 1378 4266 .
1389 4255 1394 4265 .
1405 4213 1440 4265 li·
