3068 5144
452 541 784 610 vasenstsuus.
957 587 958 590 κ
1079 540 1143 629 3³7

92 691 145 752 ut,
158 670 323 770 quioquid
336 672 499 765 cogitaret
512 667 729 763 volveretque
740 670 869 751 animo,
885 666 1071 762 quamlibet
1080 691 1147 735 ma·

93 812 216 882 gnum,
230 785 266 854 id
280 808 356 852 esse
369 797 616 877 proventurum
628 791 668 862 ¹⁰,
683 779 933 874 pollicerentur.
950 784 993 848 Et
1003 805 1094 849 unus
1107 805 1149 848 ex

93 895 266 965 nobilibus
277 895 434 988 captivis,
445 891 614 985 Josephus
625 908 668 973 ¹¹,
682 915 787 986 quum
799 888 1023 983 conjiceretur
1036 894 1072 959 in
1083 893 1149 958 vin·

94 1006 186 1088 cula,
201 1006 475 1074 constantissime
487 1005 706 1085 asseveravit,
718 1002 806 1084 fore,
819 1001 911 1094 utjab
925 1000 1044 1070 eodem
1056 1002 1150 1071 brevi

95 1116 298 1198 solveretur,
319 1138 439 1182 verum
456 1111 527 1207 jam
546 1118 762 1208 Imperatore.
786 1115 1041 1183 Nuntiabantur
1058 1131 1151 1182 etex

95 1229 189 1298 Urbe
211 1229 396 1322 praesagia,
420 1231 592 1294 Neronem
613 1225 732 1294 diebus
755 1225 883 1294 ultimis
901 1229 1068 1294 monitum
1077 1225 1152 1320 §per

95 1341 263 1436 quietem,
288 1353 327 1405 ut
343 1352 476 1405 tensam
497 1337 590 1404 lovis
613 1337 739 1428 Optimi
757 1337 895 1404 Maximi
914 1359 933 1402 e
950 1339 1096 1404 sacrario
1116 1339 1152 1404 iu

96 1449 240 1518 domum
258 1449 476 1542 Vespasiani,
497 1463 532 1514 et
550 1445 630 1514 inde
650 1448 685 1514 in
703 1449 838 1514 Circum
857 1446 1075 1516 deduceret¹²
1090 1475 1097 1516 :
1113 1473 1153 1517 ac

93 1582 166 1629 non
183 1557 294 1628 multo
310 1574 403 1652 post,
417 1559 551 1625 comitia
565 1555 702 1624 secundi
717 1556 912 1624 consulatus
929 1557 1155 1652 ineunteJGal-

97 1783 255 1838 versutiam.
270 1780 327 1834 lllic
338 1780 495 1834 sacrificanti
507 1784 606 1852 Vespa·
651 1783 864 1853 superstitiosum
873 1779 1041 1847 Judssorum,
1053 1781 1088 1833 ad
1100 1784 1156 1833 imi·

98 1865 183 1928 siano,
193 1879 278 1933 quum
288 1877 349 1932 spes
361 1860 480 1913 occultas
489 1871 608 1912 versaret
651 1862 778 1912 tationem
785 1877 920 1912 sacrorum
927 1862 955 1912 in
963 1860 1157 1933 templolliero·

99 1942 205 2007 animo,
220 1937 347 1990 Basilides
362 1938 500 2002 sacerdos,
515 1939 606 2010 inspe·
653 1939 812 2014 solymitano
833 1942 999 2008 institutum,
1020 1953 1047 1992 et
1064 1958 1157 1992 corru-

99 2023 149 2074 etis
160 2017 307 2072 identidem
319 2020 399 2086 extis,
411 2017 546 2089 Quicquid
558 2031 606 2084 est,
652 2032 700 2090 pto
710 2029 831 2089 tempore
844 2017 958 2090 reipubl.
967 2017 1084 2070 Judaicae
1094 2026 1161 2072 san-¹

99 2102 202 2173 inquit,
221 2100 399 2171 Vespasiane,
420 2097 493 2171 quod
513 2115 608 2169 paras,
653 2110 696 2150 cte
708 2098 886 2151 observatum,
899 2101 940 2150 lte
949 2098 1085 2152 conciliari
1094 2117 1158 2171 pos·

100 2198 148 2233 sea
163 2179 275 2232 domurn
290 2191 438 2242 exstruere,
454 2195 499 2228 seu
516 2175 609 2247 prola·
653 2190 694 2228 set
707 2194 768 2228 oum
780 2176 887 2249 reliquis
898 2175 1071 2248 scriptoribus
1083 2196 1158 2230 error

100 2271 157 2310 tare
171 2273 266 2328 agros,
280 2256 335 2308 sive
348 2256 476 2328 ampliare
490 2256 607 2319 servitis,
653 2255 757 2322 orosii,
776 2257 798 2308 si
815 2255 862 2308 tali
877 2257 1002 2327 scriptori
1020 2254 1075 2308 ulla
1090 2271 1159 2310 esset

1 2369 2 2392 r
101 2335 181 2390 datur
199 2334 249 2390 tibi
266 2351 362 2404 magna
381 2333 472 2400 tedes,
490 2335 609 2404 ingentes
654 2335 806 2386 auctoritas.

1 2419 2 2442 i
102 2411 220 2478 termini,
229 2409 344 2462 mrtlturn
353 2409 518 2464 hominumn
529 2412 608 2463 Oros.
694 2430 734 2466 ιο,
756 2414 791 2465 Id
806 2431 856 2467 esse
871 2423 1077 2486 prouenturum,-
1095 2434 1158 2466 suc-

1 2521 2 2570 3
103 2495 163 2559 vll,
179 2509 212 2562 9,
229 2491 283 2544 lroc
298 2492 436 2545 oraculum
451 2511 511 2544 cum
529 2511 610 2564 supe-
654 2509 804 2558 cessurum,
816 2491 979 2560 προχυριῖσιιν.
992 2493 1059 2546 Vide
1070 2495 1158 2545 Lexic.

1 2573 2 2610 ἶ
103 2573 167 2626 riori
182 2571 261 2643 (cap.
278 2569 311 2642 4)
325 2571 359 2624 de
375 2584 448 2624 tert-te
464 2570 578 2624 dominis
596 2591 610 2624 e
654 2571 778 2644 Xenoph.
790 2572 840 2625 sub
853 2571 905 2625 lroc
914 2571 1008 2626 vocab.
1020 2585 1047 2625 et
1058 2592 1116 2645 que
1126 2573 1161 2626 de

1 2653 2 2656 ’
102 2648 610 2720 ludesprolectarisconlundit,sedu·
654 2671 714 2705 roc.
733 2657 788 2706 Lat.
806 2667 882 2706 notat
899 2653 1108 2726 Oudendorpius
1126 2656 1160 2707 sil

103 2742 216 2802 ctosqae
230 2727 299 2780 dicit
312 2726 420 2780 Judeos
434 2727 469 2780 ad
484 2727 609 2781 rebellio·
654 2732 727 2785 hune
742 2733 840 2786 locum.

105 2828 164 2862 nem
177 2807 333 2881 quibusdam
348 2809 376 2858 iu
390 2806 508 2860 cornuto
522 2819 611 2860 moute
694 2827 733 2864 rr.
752 2813 895 2883 sareptae·
914 2814 1029 2883 scriptor
1047 2810 1092 2864 ille
1109 2815 1159 2865 Ju-

2 2961 3 2966 ,
105 2887 228 2954 erutae,
252 2885 305 2938 lroc
328 2898 381 2951 est,
405 2884 529 2958 oraculis.
552 2885 610 2937 Hoc
654 2889 733 2942 deus.
749 2891 791 2942 cf.
803 2890 903 2960 Xiphil.
916 2891 934 2942 Ι.
946 2909 969 2941 c.
980 2903 1005 2942 et
1014 2892 1101 2962 ipsura
1113 2892 1160 2944 Jo—

2 2974 3 2995 Ι
106 2970 269 3022 enimsensu
283 2983 335 3020 sors
349 2981 376 3022 et
390 2977 495 3020 sortesa
511 2967 610 3017 Nostro
654 2969 1082 3042 repham,Bell.Jud.lll,8,9;
1099 2973 1160 3024 liei-

106 3048 170 3102 eth.
185 3047 203 3100 l.
218 3059 246 3100 et
258 3047 316 3099 aliis
328 3045 462 3098 dicuntur.
475 3045 549 3097 Cart.
563 3048 610 3113 ΙΙΙ,
655 3067 719 3101 mar.
739 3049 774 3101 ud
790 3049 890 3122 Xiphil.
904 3051 951 3102 ubi
967 3049 1043 3120 plura
1057 3049 1091 3103 de
1106 3050 1159 3103 hoc

3 3131 4 3136 ’
111 3146 138 3196 t,
164 3127 216 3194 ¹6,
236 3126 332 3179 editam
356 3143 407 3177 esse
430 3120 536 3178 oraculo
558 3142 611 3176 301ἱ
654 3127 1159 3202 dosephioraculovelcommento.Va-

108 3219 176 3275 lem,
199 3221 228 3260 et
252 3205 374 3278 scupldo
393 3206 501 3256 incessit
522 3205 610 3255 animo
655 3211 692 3262 rie
708 3207 827 3272 enlmdo
841 3226 887 3274 eo,
902 3210 940 3260 uti
954 3205 1066 3270 assolet,
1081 3224 1097 3259 a
1114 3226 1158 3260 re.

108 3291 178 3343 sortis
196 3290 250 3361 ejus
264 3285 411 3358 implendae.
423 3309 435 3333 ι
452 3283 544 3350 Idem,
559 3285 609 3347 Vl,
654 3289 815 3341 rectioribus
828 3288 1032 3358 estjudicatum.
1106 3294 1112 3317 ¹

108 3385 137 3437 9,
158 3365 208 3432 18,
224 3361 313 3438 qualis
328 3381 381 3417 sorr
397 3361 467 3414 edita
482 3372 544 3414 esset
559 3364 608 3415 Jo·
694 3385 733 3420 tn.
756 3370 927 3421 Neruam..
944 3368 1110 3420 mortitam...
1130 3381 1159 3421 ut

109 3446 143 3500 νὺ
153 3443 294 3498 Ammonis
308 3441 422 3494 oraculo.
436 3443 475 3492 De
492 3440 610 3493 canneto
656 3458 761 3500 tenum.
769 3485 789 3498 ..
800 3447 942 3500 deduceret.
952 3445 1019 3498 Vide
1027 3446 1128 3519 Xiphil.
1138 3447 1157 3499 Ι.

17 3567 19 3572 .
109 3535 196 3576 moute
206 3532 234 3575 et
241 3522 297 3574 Deo
305 3523 377 3573 varia
386 3519 553 3591 disputarunt
563 3521 611 3572 viri
654 3543 679 3577 c.
691 3525 757 3578 Inde
768 3537 828 3577 ante
838 3526 866 3578 in
879 3527 978 3578 Circum
989 3525 1089 3578 uberta
1101 3526 1159 3578 vul.

110 3599 435 3658 doetiadloe.nost.etad
442 3600 574 3662 Tacitum,
585 3611 612 3651 et
655 3606 741 3677 gatis,
756 3604 803 3658 sed
815 3624 846 3657 ex
863 3605 970 3676 oprimi,
981 3603 1066 3658 codd,
1082 3609 1158 3659 resti.

110 3680 286 3756 singularibus
292 3679 472 3748 libelliuinter
479 3681 611 3750 quosemi·
655 3682 783 3735 tuendum
793 3685 846 3754 jam
857 3695 998 3735 censuerat
1007 3683 1157 3736 Gasaubon.

110 3777 164 3828 nst,
174 3779 256 3835 quern
265 3759 348 3813 edidit
356 3762 452 3833 caspar
459 3760 491 3812 de
500 3760 611 3812 Mende·
656 3776 683 3816 et
692 3765 827 3816 Gruterus.
839 3764 966 3834 Exempla
978 3761 1023 3815 dat
1034 3763 1157 3817 Oudend.

109 3845 290 3911 sqdntwerp.
302 3839 464 3912 1698,qtrum
472 3836 610 3892 velvernrn
655 3844 793 3896 Ernestius
804 3843 911 3910 suadet,
923 3856 949 3902 et
960 3844 988 3896 in
1002 3843 1105 3896 Circum
1118 3844 1157 3898 in-

110 3921 191 3976 Deum
202 3933 345 3993 putarent,
356 3937 413 3992 qua
424 3919 515 3991 opinio
530 3917 611 3970 lueret
655 3919 815 3988 deduceret,
828 3921 968 3995 repudiato
980 3920 1062 3975 semel
1074 3922 1156 3976 verbo

111 4001 255 4056 Gamelitis
262 4001 410 4069 monachis,
419 4002 460 4054 vel
468 4001 558 4053 lictum
568 3999 613 4051 ali·
655 4001 776 4053 deducere
786 4003 814 4053 in
825 3999 876 4054 hac
886 4003 1022 4070 oratione,
1032 4003 1100 4072 Aug.
1111 4003 1156 4070 43,

113 4101 187 4153 men
200 4082 349 4154 gentilium.
365 4081 478 4134 Maxime
492 4080 557 4134 mihi
569 4099 612 4132 ar·
660 4079 707 4132 ubi
717 4079 776 4133 ride
789 4100 844 4133 nos.
859 4084 937 4134 Recte
951 4081 1030 4134 etiam
1043 4080 1156 4133 Ouden-

8 4181 11 4202 κ
113 4160 189 4226 ridet,
204 4160 278 4233 quod
289 4163 419 4214 Bosiusiu
434 4159 552 4231 Epistola
567 4179 613 4211 su·
657 4158 733 4231 dorp.
749 4161 1155 4226 rnonet,tensasduxistetrsrto

114 4259 156 4310 per
166 4239 193 4292 lr.
206 4240 224 4292 l.
235 4241 337 4292 cultum
347 4242 395 4293 Dei
406 4240 519 4292 Carmeli
531 4242 612 4292 tuisse
657 4243 720 4292 fune
742 4255 941 4312 promoventes,
959 4241 1089 4295 deduxisse
1107 4243 1157 4298 ho.

202 4333 249 4400 II.
973 4357 1013 4400 22
