3116 5146
418 531 483 617 494
825 525 1055 593 senserit

416 655 475 725 quis
488 650 647 718 contendat,
661 669 752 703 vocem
763 651 937 722 principatus,
951 669 998 703 seu
1013 651 1116 721 imperii
1129 669 1183 702 non
1198 649 1437 722 subintelligendam,

416 731 463 784 sed
478 730 627 782 addendam
644 731 738 796 fuisse,
751 730 832 782 addat
846 730 904 796 ille,
920 749 970 802 per
983 749 1025 782 me
1038 729 1106 782 licet.
1122 731 1222 782 Verum
1232 743 1257 782 et
1272 749 1327 801 cap.
1342 747 1370 799 9,
1384 734 1439 783 inter

416 813 501 864 initia.
514 812 582 863 Nam
594 809 676 864 altero
687 830 758 864 anno
769 831 814 865 suo
827 830 877 883 pro
888 814 930 864 sui
940 813 1044 884 imperii
1056 831 1143 877 anno,
1156 813 1285 884 scriptum
1294 831 1310 865 a
1319 812 1437 874 Suetonio,

419 909 474 944 non
494 892 585 946 credo.
600 895 692 946 Wotr.

709 1157 1029 1256 EXCURSUS
1058 1160 1169 1257 xlv

614 1398 682 1499 Au
709 1394 1086 1480 nonmmnuu,
1115 1395 1200 1468 cn.
1231 1393 1265 1482 4.

421 1789 508 1872 Toou
528 1814 686 1868 Groeccnica.
701 1810 846 1884 Scrupulus
861 1825 941 1864 restat
959 1813 985 1863 in
1004 1809 1055 1864 hac
1069 1810 1183 1865 lectione
1202 1832 1289 1881 unus,
1305 1833 1378 1886 quem
1393 1811 1444 1865 mibi

419 1903 497 1956 eximi
510 1894 597 1950 relim.
613 1895 715 1964 Nempe
727 1892 861 1945 debebant
876 1895 930 1945 Viri
947 1891 1036 1961 docti,
1051 1895 1072 1946 si
1089 1895 1150 1946 satis
1165 1913 1280 1948 asserere
1292 1894 1358 1948 hanc
1368 1895 1444 1947 lectio·

419 1999 479 2034 nem
493 1975 601 2040 vellent,
615 1971 730 2038 docere,
745 1972 1067 2042 quemquamLutinorum
1082 1975 1239 2043 scriptorum
1249 1985 1363 2024 veterum
1376 1985 1445 2048 lopati

420 2061 516 2113 dixisse
534 2055 568 2107 de
582 2067 654 2105 veste
667 2052 774 2119 Graeca,
786 2051 874 2123 pallio
889 2065 935 2102 aut
950 2051 1111 2123 chlamyde:
1129 2053 1201 2124 quod
1219 2052 1272 2120 illi,
1292 2055 1343 2106 sive
1361 2057 1414 2124 quia
1424 2055 1446 2104 in

419 2153 534 2193 mentem
548 2153 604 2187 non
618 2135 702 2200 venit,
719 2135 772 2185 sive
792 2134 854 2205 quia
869 2151 922 2184 non
940 2147 1067 2204 potuere,
1081 2152 1136 2185 non
1151 2135 1248 2187 fecere.
1266 2135 1333 2187 Mihi
1346 2135 1447 2208 quidem,

421 2219 566 2274 attendenti
575 2229 602 2268 et
612 2216 750 2286 quaerenti,
761 2232 816 2265 non
826 2212 901 2265 licuit
911 2212 1051 2265 observare
1061 2229 1106 2266 aut
1117 2217 1232 2285 reperire
1241 2215 1284 2268 vel
1293 2235 1372 2267 unum
1381 2233 1448 2268 esem·

419 2301 502 2374 plum.
519 2301 602 2348 lmmo
618 2308 682 2368 toque
696 2292 804 2344 verbum
819 2311 923 2362 semper
939 2294 1037 2344 Latina²
1049 2295 1128 2345 restis
1144 2313 1242 2346 nomen
1258 2295 1325 2362 fuit,
1340 2313 1388 2365 quo
1401 2311 1448 2345 eea

420 2383 517 2436 Grecis
528 2378 746 2448 distingueretur:
761 2387 790 2424 ut
802 2373 913 2445 pallium
925 2391 1070 2444 numquam
1084 2373 1116 2426 de
1128 2387 1190 2446 toga
1205 2375 1318 2440 dictum,
1331 2374 1414 2428 eadem
1423 2373 1449 2424 de

421 2477 531 2523 caussa,
545 2457 700 2526 reperimus.
716 2454 805 2521 Quare
822 2452 941 2504 nondum
956 2451 1085 2523 liquidum
1099 2467 1165 2524 puto
1180 2453 1212 2504 de
1226 2453 1276 2504 bac
1291 2453 1405 2506 lectione.
1416 2453 1450 2502 Bi·

421 2539 530 2592 mardus
543 2541 571 2589 in
581 2533 817 2588 Dissertationibus
834 2532 906 2606 apud
916 2531 1105 2600 Muratorium,
1119 2533 1198 2586 Thes.
1214 2535 1348 2607 Inscriptt.
1360 2547 1417 2586 tom.
1429 2535 1449 2596 1,

421 2640 448 2693 p.
465 2619 511 2684 16,
528 2614 624 2688 probat
639 2615 821 2668 Germanicam
838 2625 943 2686 togam,
961 2611 1134 2685 intelligitque
1153 2627 1252 2666 restem
1271 2615 1391 2678 talarem,
1410 2629 1451 2682 qua

423 2698 486 2750 olim
498 2697 660 2760 Germanos,
674 2695 702 2744 in
716 2694 859 2765 primisque
874 2693 1007 2755 Francos,
1022 2709 1085 2742 usos
1100 2705 1217 2744 constet:
1232 2711 1291 2764 quse
1305 2711 1379 2758 sane,
1390 2707 1451 2742 com-

422 2780 563 2851 paratione
580 2793 641 2826 cum
662 2775 728 2844 togis
743 2772 885 2824 lautiorum
903 2785 929 2823 et
941 2769 1106 2838 molliorum,
1124 2770 1157 2822 ad
1172 2776 1240 2826 talos
1256 2772 1388 2838 demissis,
1401 2783 1451 2836 toga

422 2860 510 2931 potuit
529 2853 667 2927 appellari.
684 2851 764 2919 Quod
778 2854 856 2904 vestis
872 2853 1029 2904 Germanica
1049 2870 1103 2902 non
1116 2852 1259 2924 respondet
1274 2852 1397 2924 crepidis,
1408 2867 1451 2901 non

423 2937 571 2990 mirandum
583 2936 610 2986 in
623 2934 792 2999 Domitiano,
808 2934 853 3004 qui
865 2935 892 2984 in
908 2931 996 2984 multis
1011 2931 1068 2985 aliis
1080 2952 1128 3004 pro
1139 2933 1248 2986 libidine
1260 2937 1329 3005 egit,
1344 2932 1401 2986 nibil
1413 2949 1452 2982 cu-

422 3036 485 3071 rans
498 3014 716 3069 consuetudinem
730 3026 755 3065 et
767 3032 876 3066 morem.
886 3013 976 3063 Potuit
987 3025 1074 3064 antem
1087 3027 1149 3084 toga
1161 3014 1319 3066 Germanica
1332 3017 1369 3065 uti
1380 3013 1453 3064 farore

423 3097 605 3169 cognominis,
622 3093 694 3166 quod
707 3113 721 3145 a
734 3095 872 3146 Germanis
884 3094 959 3158 vietis
977 3105 1151 3159 assumserat,
1164 3095 1191 3144 in
1205 3112 1259 3164 quo
1272 3091 1401 3165 quomodo
1414 3089 1453 3144 sibi

423 3177 570 3251 placuerit,
583 3194 614 3228 ex
627 3194 658 3226 eo
669 3174 778 3245 intelligi
793 3186 879 3245 potest
887 3210 895 3237 ‚
910 3173 982 3242 quod
995 3191 1110 3224 mensem
1123 3191 1205 3225 unum
1220 3175 1409 3236 Domitianum,
1422 3169 1453 3222 al·

424 3271 509 3312 terum
523 3258 725 3323 Germanicum,
741 3253 868 3328 appellari
880 3253 978 3321 voluit,
994 3255 1063 3306 infra
1077 3273 1136 3326 cap.
1154 3257 1197 3322 13,
1214 3257 1277 3307 itcm
1295 3257 1453 3308 ostentatione

423 3339 537 3390 victoriae
557 3351 636 3409 atque
651 3335 805 3406 triumpbie
822 3335 974 3397 Germanis,
994 3347 1048 3384 tum
1068 3333 1154 3386 adbuc
1171 3335 1352 3387 recentissimi.
1367 3334 1452 3384 Etenim

425 3437 494 3488 agon
510 3418 674 3488 Capitolinus
690 3417 803 3490 primurn
817 3413 964 3466 celebratus
981 3425 1019 3465 est
1033 3433 1058 3465 a.
1073 3415 1101 3466 C.
1114 3415 1261 3482 Lxxxvt,
1276 3419 1320 3486 qui
1337 3427 1372 3467 est
1384 3415 1411 3462 A.
1425 3413 1450 3461 Γ.

380 3501 382 3508 ’
424 3498 664 3563 Deccxxxvttt,
678 3510 707 3549 ut
722 3495 801 3547 docet
816 3496 910 3564 Pagius
927 3493 962 3548 ad
981 3493 1055 3545 illurn
1069 3513 1177 3547 annum.
1194 3495 1244 3548 Sed
1258 3496 1410 3567 triumphum
1424 3491 1452 3541 de

425 3577 561 3631 Germanis
571 3579 598 3628 in
614 3577 734 3630 eumdem
748 3595 848 3628 annum
862 3573 1001 3640 incidisse,
1018 3574 1115 3627 ibidem
1132 3575 1251 3628 docetur.
1265 3573 1451 3644 Oudendorpins

314 3664 318 3671 ’
425 3668 513 3729 togam
525 3657 703 3708 Grseranicam
718 3657 906 3726 interpretatur
919 3653 1044 3724 cyclada,
1059 3667 1147 3726 togam
1163 3655 1319 3708 muliebrem
1330 3651 1451 3707 rotundam

426 3751 452 3790 et
468 3736 591 3800 talarem,
610 3738 716 3788 mixtam
733 3757 747 3789 e
762 3736 854 3788 Graeco
874 3749 899 3786 et
915 3737 1035 3788 Romano
1054 3755 1167 3808 genere,
1187 3755 1244 3810 quae
1258 3751 1284 3790 et
1304 3736 1410 3788 aSerric
1424 3728 1449 3781 ad
1532 3795 1533 3802 ἵ

426 3815 517 3888 Virgil.
530 3816 632 3869 AEoeid.
644 3821 655 3869 l
663 3856 671 3883 ,
686 3819 750 3879 282,
764 3817 828 3889 togis
839 3830 1001 3868 accensetur.
