3076 5146
418 520 484 609 47⁸
693 521 695 530 ¹
828 511 1057 580 sarasan
1261 603 1266 619 x
1362 589 1368 618 κ

415 647 564 718 divulgatos
584 645 719 711 existimo,
737 642 888 716 quibusque
902 641 990 695 verbis
1008 660 1054 696 eos
1072 641 1178 714 Lipsius
1194 646 1306 716 ipsemet
1322 645 1439 701 ulnae.

415 729 494 780 Nora
510 743 574 777 sane
590 725 640 776 ista
656 725 739 790 ratio,
755 736 782 776 et
797 723 874 774 mira.
886 721 956 792 Ergo
966 724 1038 792 jam,
1052 739 1107 774 non
1119 721 1165 775 ulii
1180 725 1236 776 nati
1246 724 1357 778 illustres
1368 729 1411 780 risi
1420 741 1441 782 et

414 805 563 875 principes,
576 801 622 854 sed
635 801 682 854 ubi
693 801 817 874 concepti
830 801 896 866 sint,
908 799 1159 853 commemorabitur
1172 801 1206 854 ab
1218 805 1349 858 Historicis
1357 819 1382 858 et
1390 808 1440 859 Poe

415 885 466 936 tia?
474 897 501 935 et
510 881 604 952 vulgus
614 881 798 955 conceptionis
808 891 911 952 ternpus
923 879 1106 952 computabit,
1117 894 1148 934 ut
1156 881 1183 934 in
1192 879 1316 936 laudibus
1324 883 1440 938 hominurn

415 964 653 1016 commemoretur?
670 962 747 1015 Nihil
759 961 815 1014 vidi
830 961 923 1031 magis·
940 959 1013 1012 Nihil
1031 959 1118 1014 dicam
1138 961 1261 1034 amplius.
1279 965 1345 1017 Nam
1358 969 1454 1019 vanitas¹

415 1044 526 1095 rationis
541 1041 619 1112 hujus
634 1059 684 1114 per
697 1059 724 1092 se
739 1051 820 1111 patet.
839 1041 928 1108 Atque
945 1039 1025 1090 etiam
1038 1042 1139 1112 genitos
1152 1039 1226 1111 apud
1238 1040 1441 1097 Suetoniumests
1515 1035 1517 1078 i

406 1131 505 1186 lautos,
521 1119 577 1171 aliis
591 1119 657 1170 locis
670 1117 760 1171 doceri
771 1113 868 1189 polest.
881 1115 970 1170 Tibar.
984 1136 1008 1170 c.
1021 1117 1038 1171 5
1045 1155 1054 1182 ,
1072 1118 1195 1170 «Servilii
1205 1120 1327 1186 Isaurici,
1338 1124 1440 1172 Antonii·

416 1219 468 1270 quc
480 1199 619 1252 consulatu
630 1201 749 1269 genitum
759 1196 886 1248 scribunt.
898 1219 909 1244 ι
924 1199 1047 1252 Ceterum
1060 1199 1133 1269 quod
1146 1211 1268 1252 actorum
1279 1203 1440 1253 auctoritatem

416 1280 552 1350 agnoscit,
572 1293 598 1330 et
615 1279 689 1329 Antii
704 1291 800 1338 natum,
812 1274 959 1346 Caligulam
976 1279 1082 1345 statuit,
1096 1293 1167 1332 recte
1185 1292 1265 1351 atque
1284 1277 1370 1332 urdine
1380 1280 1439 1332 itu't.

414 1358 526 1412 Videtur
536 1372 625 1411 autem
638 1359 785 1429 Agrippina
796 1357 834 1408 ibi
845 1357 1013 1428 potissimum
1026 1375 1121 1430 parere
1133 1358 1266 1424 voluisse,
1282 1373 1383 1432 propter
1392 1379 1440 1412 sua·

414 1442 523 1492 vitatem
541 1452 567 1491 et
584 1437 765 1491 salubritatem
779 1435 832 1488 loci
845 1438 1018 1490 notissimam.
1033 1440 1204 1492 Manifestum
1222 1458 1286 1492 sane
1300 1453 1338 1492 est
1350 1439 1439 1506 boc,iu

414 1522 479 1571 actis
496 1517 610 1570 duorum
625 1517 749 1568 Caiorum
764 1513 866 1567 natales
881 1515 1003 1588 proditos
1018 1520 1162 1571 exstitisse:
1180 1517 1288 1571 alterius
1299 1517 1440 1588 majoris'l'i-

414 1595 490 1663 buri,
508 1595 613 1649 alterius
632 1597 742 1648 minoris
760 1595 843 1646 Antii.
859 1595 949 1648 Plures
965 1595 1006 1648 his
1027 1595 1133 1648 duobus
1149 1595 1222 1665 Caii,
1236 1597 1377 1651 Germanici
1390 1597 1440 1663 lilii,

415 1697 469 1731 non
487 1681 605 1732 fuerunt.
625 1677 770 1730 Constabat
786 1693 884 1748 porro,
898 1675 1045 1748 Caligulam
1061 1695 1119 1730 esse
1133 1678 1264 1729 minorem
1277 1678 1371 1731 Caium
1382 1677 1439 1748 Ergo

415 1761 471 1812 sine
486 1759 557 1812 omni
571 1757 676 1810 arraudi
695 1754 936 1830 periculo'videbat
953 1771 980 1810 et
996 1757 1121 1810 credebat
1139 1759 1296 1822 Suetonius,
1314 1756 1380 1810 huuc
1394 1773 1440 1809 esst
1515 1787 1517 1828 q

414 1837 573 1909 Caligulam,
587 1839 634 1910 qui
645 1837 718 1888 Antii
732 1851 808 1888 natus
824 1837 867 1887 sit.
879 1835 1002 1889 Conferri
1014 1839 1093 1888 etiam
1105 1849 1235 1908 possunt,
1250 1855 1308 1908 quae
1318 1855 1390 1909 super
1398 1835 1440 1889 baa

415 1938 442 1971 re
455 1939 504 1991 pro
516 1917 600 1970 Plinio
612 1930 639 1972 et
649 1918 739 1989 Lipsio
753 1913 819 1968 dixit
830 1909 1002 1984 Renonicus,
1014 1917 1145 1990 Disquiss.
1157 1915 1224 1970 Plin.
1237 1921 1257 1970 t'.
1269 1919 1294 1984 l,
1305 1935 1330 1989 p.
1344 1915 1395 1982 tid

704 2224 1077 2388 excursus
1116 2293 1169 2384 11

553 2563 556 2574 ·
616 2538 1251 2649 aucmentandum.

412 3023 598 3128 Arusianus,
610 3059 770 3112 Parthorum
783 3079 827 3112 rex
833 3099 843 3126 ,
856 3073 908 3112 etc.
918 3061 1031 3130 Insignis
1044 3057 1121 3112 esth.
1134 3058 1151 3110 l.
1164 3058 1324 3131 negligentia
1335 3063 1440 3112 Virorum

411 3141 552 3194 doctorum
566 3143 594 3192 in
608 3139 794 3212 comparandis
809 3141 878 3194 inter
892 3160 920 3194 se
934 3140 1117 3212 scriptoribus.
1131 3141 1218 3192 Primo
1230 3142 1381 3193 Torrentius
1394 3141 1441 3192 lau·
1516 3189 1517 3202 ,

412 3221 458 3274 dat
468 3224 597 3288 Dionem,
609 3220 655 3272 lib.
663 3222 719 3274 Llll
732 3232 796 3274 extr.
816 3219 863 3272 ubi
874 3219 908 3272 de
921 3220 1057 3274 Artabano
1071 3219 1192 3293 quidem,
1207 3218 1254 3273 sed
1271 3218 1304 3272 de
1316 3219 1389 3292 longe
1400 3219 1442 3271 alia

412 3321 456 3368 re,
470 3302 520 3356 sub
534 3301 642 3354 Tiberio
658 3313 745 3371 gesta,
763 3319 867 3352 sermo:
884 3319 941 3372 que
954 3299 1021 3353 nihil
1034 3300 1089 3354 huc
1104 3301 1226 3373 pertinet.
1243 3299 1285 3352 ad
1298 3299 1380 3352 Vitell.
1395 3318 1415 3350 o.
1429 3316 1441 3349 a
1516 3309 1517 3344 ὲ

410 3381 585 3454 porro,hanc
597 3399 654 3432 rem
665 3382 774 3451 copiose
786 3397 907 3432 tranasse
920 3377 1012 3432 dicunt
1023 3377 1184 3450 Josepbnm,
1196 3377 1244 3432 lib.
1254 3379 1345 3432 xvrtl.
1355 3377 1401 3432 seu
1412 3377 1443 3430 ibi
1516 3381 1517 3442 ff

412 3478 498 3512 sermo
515 3471 555 3512 est
573 3457 606 3510 ds
620 3476 649 3508 re
661 3457 739 3512 simili
751 3456 871 3529 quidem,
887 3470 914 3510 et
929 3474 944 3509 a
960 3455 1068 3508 Vitellio
1083 3456 1189 3525 itidem,
1204 3457 1250 3510 sed
1269 3457 1319 3510 sub
1334 3456 1444 3518 Tiberio,
1516 3447 1517 3496 l

410 3552 494 3610 gesta.
507 3539 549 3590 Ad
557 3537 667 3610 losepbi
679 3551 768 3590 antem
778 3534 867 3589 locum
877 3535 1029 3608 Spanhernii
1040 3550 1104 3590 nota
1115 3539 1252 3590 Usserium
1264 3552 1291 3590 at
1302 3538 1443 3608 basnagium

411 3616 517 3684 laudat,
532 3631 671 3688 arguentes
685 3616 832 3690 losepbum
846 3619 943 3670 erroris
956 3619 985 3670 in
999 3637 1049 3686 eo,
1065 3616 1137 3689 quod
1151 3616 1224 3670 dicat
1238 3619 1349 3690 Augusti
1361 3614 1444 3668 eterit

324 3737 329 3752 .
411 3698 556 3752 simulacris
570 3697 746 3750 sacrificatum
761 3697 795 3750 ab
809 3697 961 3766 Artabano,
973 3696 1054 3772 idque
1068 3697 1116 3750 sub
1127 3697 1235 3751 'l'ibcrio
1247 3701 1358 3764 factum,
1372 3713 1444 3769 quun

410 3780 552 3833 Suetonius
570 3791 597 3830 et
612 3778 664 3830 Dio
681 3777 731 3830 sub
745 3777 810 3831 Caio
826 3778 927 3830 facturn
939 3777 1057 3844 tradant,
1074 3777 1126 3830 lide
1142 3776 1274 3848 digniores
1293 3775 1444 3831 hauddubie

411 3873 543 3913 auctores.
556 3855 608 3910 Sed
619 3858 669 3908 Dio
682 3856 752 3909 hanc
764 3876 821 3910 rem
835 3857 943 3929 quidem
954 3859 1060 3931 attingit
1074 3857 1120 3910 lib.
1135 3857 1233 3925 XLIX,
1250 3878 1278 3930 p.
1292 3859 1351 3925 661,
1363 3855 1444 3909 addita

411 3942 492 3993 stiam
504 3939 631 4010 temporis
646 3951 723 4004 nota,
738 3936 785 3990 sed
800 3951 829 3990 ut
842 3951 929 3991 tamen
946 3939 1116 4008 manifestum
1128 3939 1175 4005 sit,
1192 3957 1339 3992 sermonem
1352 3955 1404 3990 esse
1416 3931 1444 3986 de

411 4041 456 4088 re,
470 4020 519 4075 sub
536 4020 642 4074 Tiberio
659 4033 749 4089 gesta,
765 4037 845 4090 quarn
858 4015 915 4092 ipse
928 4018 973 4072 lib.
988 4019 1069 4071 LVIII
1074 4057 1083 4086 ,
1097 4037 1159 4092 pag.
1175 4017 1227 4090 637
1242 4039 1298 4092 seq.
1312 4017 1344 4070 ad
1356 4015 1444 4069 Tiberii

1515 3569 1517 3636 l

1515 3903 1517 3978 l

410 4093 530 4174 tempora
541 4099 668 4154 retulerit.
681 4098 759 4152 Unde
773 4098 837 4151 mihi
852 4098 996 4172 aliquando
1008 4102 1086 4152 etiarn
1099 4099 1216 4170 suspicio
1231 4113 1288 4150 orta
1301 4111 1351 4160 est,
1364 4096 1443 4147 locutu
1516 4155 1517 4160 ¹

410 4181 522 4234 illumin
535 4183 643 4234 nomine
655 4181 712 4234 Caii
724 4192 880 4250 corruptum
892 4198 958 4234 esse.
972 4179 1093 4236 Ceterum
1106 4173 1184 4233 sinim
1196 4177 1268 4249 apud
1280 4179 1387 4229 Dionem
1396 4191 1443 4224 non
1515 4165 1517 4208 l

411 4275 472 4314 suut
483 4273 587 4331 statue,
602 4274 631 4314 ut
642 4263 775 4334 interpres
789 4259 885 4324 habet,
898 4259 944 4313 sed
958 4258 996 4312 illi
1007 4263 1074 4331 ipsi,
1088 4278 1156 4333 quos
1171 4257 1239 4326 dixi,
1253 4259 1337 4331 clypei
1349 4277 1363 4310 e
1374 4254 1443 4325 siguis
