3066 5148
388 557 430 637 cl
679 622 681 636 ,
762 551 798 614 c.
824 549 1057 614 suarourr

387 680 589 774 eloquentiae
599 676 783 770 plurimum
795 673 951 741 attendit¹
964 676 1212 768 ,quamtumvis
1223 673 1389 742 facundus
1402 694 1434 743 et

388 807 557 884 promtus,
573 791 704 882 utique,
721 789 752 853 si
770 785 998 879 perorandum
1011 788 1047 852 in
1064 784 1210 878 aliquem
1225 803 1324 856 esset.
1344 791 1434 854 Irata
1483 871 1488 882 ¹

385 923 422 972 et
436 902 538 972 verba
554 917 588 968 et
604 902 778 967 sententiaa
794 897 1036 990 suppetebant3
1051 900 1284 991 pronunciatio
1294 923 1434 994 quoque

386 1032 422 1082 et
435 1038 514 1096 vox,
535 1028 574 1078 ut
591 1034 703 1104 neque
720 1009 839 1076 eodem
857 1008 922 1076 loci
941 1033 1011 1101 praa
1029 1008 1149 1076 ardore
1168 1011 1381 1092 consisteret,
1402 1027 1435 1076 et

387 1124 603 1194 exaudiretur
614 1119 764 1214 a.procul
774 1120 951 1188 stantibus.
964 1125 1199 1202 Peroraturus,
1214 1123 1436 1188 «stricturum
1520 1141 1523 1156 “

388 1265 424 1308 se
438 1236 678 1305 lucubrationis
693 1257 763 1300 suae
774 1233 895 1316 telum,
909 1263 923 1295 i
942 1231 1147 1316 minabatur-3
1158 1233 1267 1301 lenius
1279 1235 1436 1300 cointius-

386 1375 455 1446 que
466 1331 636 1418 scribendi
649 1369 753 1439 genus
765 1343 850 1412 adeo
860 1361 1078 1412 contemnens
1088 1397 1097 1426 ,
1109 1361 1148 1412 ut
1159 1331 1349 1426 Senecam²,
1363 1361 1436 1412 tum

386 1463 532 1528 maxime
540 1457 748 1551 placentem,
763 1459 1037 1524 «commissiones
1049 1454 1202 1522 meras³a
1215 1479 1435 1548 componere,

388 1590 424 1639 et
446 1602 465 1632 ἰ
475 1593 613 1637 arenam
632 1591 711 1636 esse
735 1571 806 1636 sine
831 1565 987 1650 calcem
1016 1565 1152 1634 diceret.
1179 1566 1313 1634 Solebat
1331 1570 1436 1634 etiam

278 1675 283 1748 Ϊ
387 1683 560 1775 'prosperis
573 1695 745 1748 oratorum
759 1676 945 1744 actionibus
960 1677 1177 1760 rescribere⁵,
1190 1692 1224 1744 et
1234 1701 1436 1769 magnorum

388 1795 426 1860 in
442 1795 564 1861 Senatu
580 1813 716 1857 reorum
730 1790 959 1855 accusationes
973 1786 1253 1882 defensionesque
1264 1787 1434 1872 meditari,

387 1927 445 1985 ac,
459 1918 564 1996 prout
573 1901 669 1968 stilus
680 1915 843 1981 cesserat,
858 1896 911 1965 vel
923 1921 1063 1964 onerare
1072 1902 1239 1966 sententia
1251 1923 1312 1967 sua
1324 1923 1437 1995 quern

421 2121 487 2172 LIII.
500 2117 692 2190 emmanue
698 2115 843 2188 plurimum
853 2127 891 2168 et·
935 2127 1060 2184 queretur
1075 2114 1185 2182 breves,
1204 2129 1231 2168 et
1249 2114 1323 2168 nulla
1342 2113 1436 2166 admo-

389 2199 479 2252 tendt't.
489 2199 566 2252 Conf.
579 2198 629 2248 Dio
639 2235 647 2262 ,
658 2196 731 2262 LIII,
747 2213 794 2264 193
805 2197 888 2247 Tacit.
934 2192 997 2244 dum
1010 2195 1174 2247 connexione
1185 2196 1254 2246 inter
1264 2212 1292 2246 se
1304 2191 1439 2246 cohaeren-

389 2277 483 2328 'Annal
496 2277 611 2342 x111,3:
627 2298 638 2320 a
648 2275 732 2326 Etiam
742 2275 770 2326 C.
781 2275 888 2326 cesaris
934 2283 982 2322 tes.
994 2293 1005 2318 ν
1018 2273 1056 2322 Ita
1070 2272 1183 2324 Casaub.
1195 2273 1335 2342 Ingeniosa
1346 2285 1436 2324 umen

387 2355 493 2407 turbata
502 2353 644 2424 mens(i.e.
653 2353 748 2405 urentis
754 2351 890 2419 valetudo,
934 2363 974 2402 est
982 2351 1166 2421 interpretatio
1177 2351 1256 2422 buius
1264 2349 1343 2417 dicti,
1356 2369 1436 2422 qaam

388 2434 889 2505 nonturbataperirem,utBurmannc
933 2426 1008 2480 dedit
1022 2428 1149 2482 Mulierus
1162 2431 1187 2481 iu
1200 2430 1312 2482 Observ.
1327 2449 1388 2501 pag.
1405 2429 1436 2483 15

388 2514 491 2586 placet)
500 2514 551 2564 vim
560 2510 666 2562 dicendi
675 2529 730 2561 non
739 2513 886 2582 corrupit·
934 2525 1004 2578 seq.,
1017 2509 1159 2578 repetitum
1169 2507 1235 2559 illud
1247 2507 1338 2561 dicens
1350 2528 1366 2560 a
1380 2510 1436 2562 Cir-

386 2589 690 2656 SiSuidaecredendum,
699 2591 802 2660 scripsit
810 2592 889 2641 etiarn
934 2603 980 2650 co,
992 2588 1019 2637 in
1030 2605 1083 2658 quo
1093 2585 1149 2638 Caii
1163 2587 1249 2639 studia
1259 2590 1372 2641 maxime
1379 2607 1436 2640 ver-

388 2672 508 2743 Caligula
522 2667 729 2739 §mopiair'rixrtr
740 2665 888 2732 Ῥωμαϊκαῖς,
934 2667 1434 2735 trahantur,utadecsenecamarenam,

388 2747 888 2822 ‹premtamenlibrumbipsadTacit.
934 2744 1435 2813 stadium,currioulumsinecc1ce,sine

386 2829 406 2881 l.
420 2850 443 2882 c.
456 2831 612 2882 Germanico
627 2831 716 2898 potius
731 2825 831 2878 tribuit.
848 2827 888 2879 CI.
935 2838 1020 2890 meta,
1032 2825 1088 2878 eine
1100 2825 1161 2877 loco
1171 2825 1246 2877 calce
1256 2824 1296 2878 vel
1306 2840 1378 2879 creta
1390 2837 1452 2878 no·'

388 2921 416 2960 et
427 2906 536 2978 Ioseph.
550 2907 626 2969 XIII,
643 2922 666 2956 a.
682 2905 818 2970 Cetemm,
831 2923 890 2956 ent-
934 2917 1006 2971 tato,
1017 2907 1067 2958 ubi
1078 2925 1158 2959 cursu
1173 2919 1265 2960 exacto
1278 2908 1365 2960 victor
1374 2927 1437 2960 con·

388 2988 514 3040 ditionem
523 2985 595 3058 apud
602 2986 890 3037 Nostrumreoteinter-
934 2985 1024 3037 sistere
1037 2999 1064 3042 et
1076 2988 1211 3057 premium
1227 2989 1350 3059 accipere
1363 2987 1435 3040 sole·

388 3080 507 3138 pretmur
517 3065 651 3117 Ernestius
662 3063 749 3115 literas
757 3061 857 3114 Groecas
866 3075 891 3114 et
933 3064 995 3132 bat,
1008 3065 1034 3117 h.
1047 3086 1070 3118 e.
1084 3066 1218 3120 bominem
1231 3067 1326 3120 dixerit
1337 3071 1435 3140 ingenii

389 3147 511 3212 Latinas,
524 3164 571 3199 seu
582 3141 765 3215 philologiam.
933 3145 1149 3216 intemperantis,
1159 3149 1219 3218 qui,
1231 3162 1262 3199 ut
1269 3149 1356 3200 Arum.
1366 3149 1436 3201 Mar

425 3244 451 3278 a.
465 3226 499 3278 Ut
507 3227 644 3288 Senecam,
655 3237 706 3274 etc.
714 3222 812 3293 CapiIIs
822 3222 891 3292 peri-
933 3222 1008 3290 cell,
1021 3237 1093 3277 extra
1102 3224 1183 3278 calces
1192 3227 1346 3292 decurreret,
1358 3229 1435 3281 nituit

387 3300 888 3356 culumSenecasubiissediciturDion.
932 3306 1072 3374 copiosum
1090 3305 1170 3357 rebus
1189 3319 1215 3358 et
1230 3304 1333 3374 verbis,
1351 3325 1436 3378 nnga-

389 3401 449 3453 cap.
458 3384 500 3435 cit.
510 3381 694 3446 ideotanturn,
703 3378 889 3450 quodcausam
932 3398 1017 3435 torem
1034 3385 1169 3455 ineptum,
1183 3387 1228 3457 qui
1242 3389 1270 3437 in
1284 3387 1355 3438 Foro
1369 3401 1397 3440 et
1409 3388 1435 3438 in

387 3457 887 3531 quamdaminsenatu,praesenteCaic,
932 3463 1012 3515 Curia
1021 3463 1132 3516 multum
1140 3463 1243 3534 agendo
1253 3463 1320 3517 nihil
1329 3485 1436 3537 perage·

388 3540 677 3611 pulcherrimcegerat.
932 3555 990 3608 ret,
1012 3540 1215 3594 declamatorem
1237 3543 1436 3608 umbramen,

425 3621 451 3671 3.
472 3617 664 3671 Commisaiones
676 3635 771 3676 meram
789 3614 890 3682 ἀγονία-
932 3621 977 3670 cui
986 3617 1045 3671 linia
1056 3634 1124 3672 esset
1134 3623 1287 3692 propositus
1296 3621 1401 3688 nullus,
1411 3636 1437 3675 et

385 3719 472 3766 μω,
486 3696 577 3770 quales
589 3709 663 3748 erant
675 3697 807 3748 orationes
821 3698 889 3750 reci·
935 3700 981 3769 qui
992 3700 1118 3764 nesciret,
1130 3697 1237 3769 qnando
1249 3698 1324 3771 loqui
1332 3699 1436 3754 desine·

389 3794 448 3831 totae
466 3781 492 3830 in
511 3776 741 3840 commissionibus,
757 3777 784 3826 in
800 3789 890 3828 orato-
936 3790 985 3828 ret.

387 3858 434 3909 tiit
450 3856 615 3927 poeticisque
634 3853 830 3908 certaminIbus.
850 3855 890 3906 Ita
971 3857 996 3908 5.
1015 3858 1172 3920 describere,
1187 3859 1323 3911 orationes
1336 3857 1378 3912 vel
1393 3879 1436 3912 se-

389 3937 445 3988 Iere
456 3953 521 4001 uos,
537 3935 578 3985 des
582 3933 667 4009 fleurs
682 3933 714 3984 de
730 3932 889 4006 riderique,
935 3936 1051 3987 natoriae
1063 3935 1104 3988 rel
1116 3937 1247 4003 forenses,
1260 3939 1382 4008 quevim
1391 3937 1437 3990 ha·

387 4013 814 4085 desddclanmticmceaddmiques.
823 4015 889 4069 Vide
933 4014 1071 4080 bulttent,
1093 4015 1232 4083 refellere,
1253 4030 1284 4068 ut
1301 4030 1435 4070 oratorum

388 4094 501 4147 Casaub.
514 4092 548 4145 ad
559 4093 671 4162 August.
686 4093 734 4159 86,
748 4107 774 4145 et
784 4093 821 4144 ad
832 4093 859 4147 h.
870 4097 887 4148 I.
933 4094 1037 4148 laudem
1051 4095 1218 4167 deprimeret.
1232 4097 1365 4150 Gallicum
1378 4091 1436 4151 rer·

424 4174 449 4239 4.
467 4173 504 4226 Et
526 4189 632 4225 arenam
655 4189 704 4224 etse
725 4171 889 4234 cicactrice,
933 4175 997 4225 bum
1008 4176 1131 4247 rependat
1140 4178 1177 4227 ita
1186 4195 1235 4246 pro
1243 4178 1361 4229 refutare
1369 4197 1435 4249 sepe

391 4251 487 4324 «quod
507 4252 650 4304 aeritentias
673 4250 830 4322 plerumque
849 4251 889 4304 lo·
933 4256 1065 4324 ponimus.
