3076 5146
265 513 326 576 DE
351 510 570 576 lLLUSTR.
596 511 783 576 GRAMM.
809 513 962 578 LIBER.
1072 519 1137 602 ⁴²9

80 665 159 722 sos,
178 639 328 709 alterum
344 637 510 708 breviario
529 661 642 705 rerum
661 640 814 706 omnium
833 644 1078 724 Romanarum,
1098 665 1139 710 ex

79 752 230 847 quibuS,
241 776 325 849 quas
334 751 451 835 vellet,
463 751 615 845 eligeret,
625 753 798 836 instruxit3
808 750 954 820 alterum
962 756 1140 847 praeceptis

79 860 126 930 de
143 865 280 931 ratione
295 859 473 931 scribendi.
491 865 567 948 Quo
583 863 690 954 magis
706 863 830 946 miror,
847 864 1001 932 Asinium
1018 863 1139 933 Pollio·

78 997 166 1040 nem
188 971 392 1054 credidisse,
415 975 553 1066 antiqua
576 994 654 1039 eum
676 971 778 1038 verba
798 987 833 1039 et
854 971 979 1064 figuras
1002 975 1138 1042 solitum

79 1105 160 1151 esse
171 1081 332 1175 colligere
344 1080 515 1150 Sallustio:
529 1105 637 1176 quum
649 1077 713 1148 sibi
725 1083 808 1150 sciat
818 1080 866 1150 nil
877 1083 970 1151 aliud
983 1086 1139 1167 suadere,

79 1217 192 1289 quam
205 1209 245 1261 ut
259 1209 341 1262 noto
355 1193 511 1288 civilique
526 1211 559 1261 et
573 1195 711 1287 proprio
725 1218 881 1262 sermone
893 1212 1025 1280 utatur,
1042 1201 1139 1266 vitet-

78 1330 152 1400 que
167 1308 317 1374 maxime
326 1305 565 1374 obscuritatem
577 1303 740 1389 Sallustii,
752 1323 786 1374 et
795 1304 970 1376 audaciam
982 1311 1018 1376 in
1030 1325 1139 1377 trans-

76 1413 282 1486 latio'nibus.

128 1533 193 1596 XI.
221 1533 384 1597 Veranius
399 1535 505 1612 ciro,
523 1544 563 1629 ut
578 1527 735 1597 nonnulli
749 1529 979 1614 tradiderunt,
1000 1534 1139 1599 Burseni

77 1638 271 1735 cujusdam
282 1640 441 1724 libertus,
458 1665 499 1710 ex
513 1640 640 1710 Gallia:
658 1644 731 1734 ipse
745 1640 878 1724 libello,
893 1645 947 1710 cui
961 1660 1012 1711 est
1023 1644 1140 1712 titulus

76 1754 293 1845 Indiqnatio,
304 1755 491 1846 ingenuum
503 1776 538 1821 se
548 1769 667 1820 natum
677 1755 736 1834 ait,
749 1771 783 1820 et
792 1751 962 1846 pupillum
972 1755 1141 1839 relictum,

78 1888 200 1960 eoque
219 1863 350 1932 facilius
363 1864 498 1935 licentia
509 1863 637 1934 Sullani
652 1866 813 1957 temporis
829 1881 969 1966 exutum
984 1868 1142 1957 patrimo-

77 1976 154 2044 nio.
173 1977 301 2043 Docuit
315 1973 461 2057 multos,
478 1991 512 2043 et
527 1973 672 2043 nobiles:
691 1977 853 2069 visusque
871 1991 922 2042 est
936 1975 1140 2068 peridoneus

78 2102 297 2179 praeceptor,
309 2088 455 2154 maxime
467 2085 510 2153 ad
524 2088 690 2179 poeticam
702 2085 936 2170 tendentibus,
952 2102 990 2153 ut
1004 2086 1140 2180 quidem

79 2213 256 2290 apparere
267 2194 321 2263 vel
333 2195 386 2263 his
398 2193 574 2263 versiculis
585 2199 714 2288 potest&

233 2338 309 2400 Cato
322 2339 565 2415 Grammaticus,
579 2341 690 2399 Latina
703 2339 805 2415 Siren,

234 2437 297 2516 Qui
312 2436 396 2498 solus
409 2437 518 2520 legiv,
534 2459 568 2498 ac
581 2436 657 2498 facit
670 2451 782 2521 poetas.

80 2577 232 2668 Scripsit
248 2593 372 2670 praeter
390 2578 627 2668 grammaticos
645 2574 777 2644 libellos
794 2578 894 2644 etiam
910 2593 1080 2670 poemata,
1100 2601 1140 2644 ex

11 2785 16 2798 ι
79 2685 216 2781 quibus
223 2687 398 2811 praecipue
409 2683 597 2779 probantur
607 2685 714 2777 Lydia
726 2702 760 2753 et
770 2689 888 2754 Diana.
903 2687 1014 2776 Lydt'ae
1025 2685 1142 2754 Ticida

80 2812 264 2866 memrmt:

234 2933 328 3016 lydia
342 2935 503 2996 doctorum
518 2929 652 2994 maxima
665 2955 738 2994 cura
752 2933 840 2993 liber.

81 3071 208 3136 Diana
219 3071 325 3137 Cinna
335 3096 342 3136 :

234 3212 340 3274 Secula
355 3227 534 3296 permaneat
549 3214 649 3274 nostri
662 3215 764 3273 Diana
778 3212 912 3272 Catonis.

83 3351 184 3416 Vixit
204 3348 248 3416 ad
267 3364 452 3417 extremam
471 3365 660 3432 senectam,
681 3345 794 3415 sedin
813 3369 946 3414 summa
964 3347 1142 3437 pauperie,

84 3477 121 3530 et
146 3484 250 3554 paene
273 3463 404 3556 iuopia,
427 3459 562 3529 abditus
588 3459 722 3528 modico
747 3459 939 3551 gurgustio,
963 3472 1144 3551 postquam

84 3571 288 3640 tusculana
305 3571 386 3641 villa
406 3569 627 3642 creditoribus
646 3585 811 3652 cesserat,
833 3583 871 3636 ut
888 3583 1006 3636 auctor
1024 3582 1076 3634 est
1094 3567 1145 3632 Bi·

85 3681 252 3753 baculus:

235 3827 266 3887 Si
280 3826 350 3910 quis
365 3827 447 3889 forte
461 3829 522 3888 mei
536 3827 665 3888 domum
679 3824 821 3898 Catonis,

235 3924 380 4008 Depictas
394 3926 494 3987 minio
509 3923 641 4000 assulas,
656 3935 686 3983 et
699 3921 769 3983 illos

114 4135 175 4200 ,Π
200 4153 223 4187 ¹·
243 4136 296 4207 Qui
312 4136 380 4190 solus
395 4134 472 4210 lepti,
486 4155 518 4188 ac
529 4134 602 4208 jacit
645 4145 705 4199 cat,
722 4129 909 4202 auditoresque
920 4125 1080 4181 lectionibus
1095 4125 1149 4176 suis

86 4225 183 4286 poetas
187 4236 197 4276 ,·
207 4227 300 4285 poetas
311 4215 510 4288 iuterpretatur,
520 4211 601 4284 expli·
646 4222 741 4284 poetes
754 4212 828 4263 iacit.
