3076 5146
462 547 716 615 axcunsus
739 549 800 612 xr.
1090 553 1154 641 ⁴⁸9

110 808 1145 834 ΜΜΜΜΑΜΝΜΜΜΜΜἫΜΜΜΜΜΜΙΜΜΜΜ

417 933 735 1112 excussus
766 1013 833 1110 xr

375 1259 446 1332 ao
480 1257 684 1346 ursum,
718 1261 803 1332 cn.
839 1286 873 1355 9.

577 1501 680 1514 ’.ἡ

100 1682 292 1769 Faunum
299 1716 485 1787 papnnutium.
493 1713 662 1768 Manifestum
673 1715 758 1786 primo
769 1731 827 1767 esse
836 1714 960 1782 arbitror,
970 1715 1042 1770 solos
1047 1717 1088 1789 gla
1093 1719 1150 1772 dios

100 1796 147 1848 bie
159 1795 344 1866 intelligendos
356 1813 422 1849 esse.
437 1788 540 1846 Etenim
553 1795 676 1848 Aurelius
688 1796 780 1846 Victor
793 1793 889 1848 diserte
901 1795 1004 1866 gladios
1015 1802 1151 1866 nominat,

101 1891 129 1930 et
138 1897 181 1930 res
193 1891 233 1929 eat
244 1875 390 1947 ejusmodi,
402 1889 432 1927 ut
440 1874 521 1945 gladii
532 1874 581 1927 soli
593 1873 702 1945 intelligi
714 1875 825 1947 possint.
839 1874 952 1926 Volebat
964 1896 1043 1948 porro
1055 1879 1151 1934 dooere

100 1959 194 2024 Titus,
207 1975 235 2010 se
249 1957 312 2008 nibil
324 1955 357 2008 ab
370 1958 400 2008 iia
415 1958 520 2008 timere:
535 1955 621 2027 quod,
635 1956 706 2008 nulla
723 1955 774 2008 alia
792 1967 867 2026 parte
882 1969 989 2009 ornatus
1001 1957 1151 2030 gladiatorii

99 2037 278 2110 porrigenda,
292 2036 398 2089 efficere
410 2049 523 2107 poterat.
541 2039 635 2107 Neque
651 2055 713 2098 vero
731 2037 890 2108 quicquam,
906 2055 963 2089 mos
979 2053 1052 2103 erat,
1067 2041 1151 2111 inspi-

99 2117 227 2170 ciendum
234 2117 361 2189 praebere,
370 2115 586 2186 praetergladiosr
597 2135 657 2167 nam
668 2131 821 2168 caeterorum
832 2114 950 2168 uullavis
959 2118 986 2168 in
996 2119 1149 2188 pugnando.

98 2197 172 2249 Tum
189 2197 306 2268 reliquus
323 2207 430 2246 ornatus
448 2194 625 2264 gladiatorum
643 2194 676 2247 ab
694 2197 853 2266 imperatore
872 2197 947 2265 ipso,
967 2215 1047 2268 quum
1066 2197 1152 2251 editor

99 2278 220 2329 muneris
234 2288 315 2341 asset,
328 2273 564 2346 suppeditabatur;
580 2273 651 2326 unde
663 2287 804 2346 apparatus
815 2273 914 2328 aulicus
925 2275 1021 2327 dicitur
1035 2275 1151 2346 (Domit.

100 2376 163 2427 cap.
177 2356 223 2429 4),
236 2374 286 2407 nee
302 2374 370 2426 opus
386 2367 458 2414 erat,
471 2373 531 2406 eum
543 2355 647 2426 inspici.
662 2356 707 2406 llis
720 2356 828 2424 positis,
845 2373 1006 2425 quaeramus,
1021 2375 1052 2407 an
1070 2355 1152 2426 gladii

99 2437 154 2489 soli
167 2439 271 2508 possint
283 2447 436 2488 ornamenta
450 2435 628 2508 pugnantium
644 2433 705 2486 dici.
723 2434 753 2486 ld
766 2455 814 2506 ego
826 2454 889 2488 vero
902 2454 1011 2507 prorsus
1028 2456 1108 2510 nego,
1121 2442 1150 2490 ln

100 2516 228 2568 omnibus
241 2514 381 2587 exemplis,
396 2531 452 2584 quae
466 2514 648 2586 proferuntur,
663 2514 806 2584 plurimum
820 2509 915 2585 aliquis
930 2515 1045 2568 confidat
1062 2536 1151 2568 exem·

99 2595 149 2667 plo
161 2595 316 2655 Burmanni,
329 2595 374 2663 qui
386 2612 400 2644 e
412 2593 496 2644 Taciti
505 2594 572 2646 Hist.
585 2597 617 2660 V,
627 2599 673 2659 is,
685 2593 903 2646 laudatomatum
916 2595 1074 2648 militarem.-
1088 2615 1150 2648 nam

100 2689 225 2730 ornatum
239 2679 370 2729 Neronem
386 2693 401 2725 e
417 2675 538 2741 Nerone,
552 2691 611 2745 cap.
628 2691 670 2740 at,
681 2676 735 2744 jam
749 2675 897 2746 repudiavit
911 2677 1036 2729 Graevius.
1049 2677 1115 2742 Sed,
1128 2681 1150 2731 si

99 2755 192 2808 locum
203 2755 363 2826 inspexeris,
373 2751 480 2818 rideas,
492 2764 587 2804 ornatu
598 2751 644 2804 illo
655 2752 762 2805 militari
771 2753 874 2824 gladios
886 2773 940 2806 non
953 2753 1149 2824 comprehendi.

98 2835 206 2888 Etenim
221 2834 362 2897 militibus,
375 2835 431 2886 sine
441 2845 537 2885 ornatu
549 2831 656 2884 militari
668 2834 906 2904 procurrentibus,
916 2853 987 2886 arma
1000 2853 1151 2888 mucrones-

101 2933 155 2986 que
171 2916 277 2966 strictos
291 2911 390 2964 tribuit.
409 2913 477 2982 Ergo
493 2923 601 2962 ornatus
618 2910 738 2962 militaria
754 2925 794 2963 est
809 2914 836 2963 in
853 2931 933 2982 sago,
948 2912 1038 2982 galea,
1053 2911 1151 2980 lorica,

100 3009 195 3061 sento,
210 2996 311 3058 ocreis,
325 3011 378 3045 non
391 2993 418 3042 in
430 2989 561 3060 gladiiset
574 2990 640 3042 telis.
655 2992 696 3043 Sic
709 2991 844 3044 Samnitici
857 2991 950 3044 milites
963 2997 1050 3045 ornati
1063 2995 1149 3060 fuere,

100 3071 231 3138 sednon,
244 3091 296 3146 qua
309 3071 360 3123 tela
373 3083 398 3122 et
410 3068 530 3139 gladios,
543 3087 633 3121 rerum
647 3083 739 3132 scuta,
756 3070 862 3140 galeas,
874 3083 967 3122 vestes.
978 3073 1065 3124 Locus
1078 3071 1150 3143 apud

99 3155 205 3206 Livium
215 3155 242 3204 in
256 3154 347 3223 primis
358 3149 412 3202 huc
422 3150 560 3222 pertinens
573 3163 627 3216 eat,
638 3151 688 3214 IX,
703 3149 751 3218 40,
768 3151 931 3221 «Campani,
944 3151 977 3202 ab
988 3151 1111 3222 superbia
1124 3163 1150 3204 et

100 3231 166 3284 odio
179 3232 350 3297 Samnitium,
364 3229 523 3301 gladiatores
533 3247 564 3280 eo
576 3242 671 3281 ornatu
686 3244 831 3282 armarunt.
843 3251 853 3276 a
867 3232 958 3296 Miror,
969 3229 1021 3282 boc
1033 3231 1094 3282 loco
1106 3251 1151 3283 ne-

100 3312 201 3362 minem
213 3309 256 3361 hic
272 3328 356 3361 usum.
368 3311 436 3361 Nam
450 3306 493 3358 hio
507 3306 603 3360 diserte
615 3318 720 3359 ornatus
729 3305 917 3381 pladiutorum.
935 3306 986 3360 Sed
1005 3307 1091 3379 qualis
1106 3309 1149 3361 ille

101 3405 227 3457 ornatus,
241 3389 319 3444 docet
330 3390 432 3456 Livius,
447 3387 566 3460 ejusdem
580 3390 675 3460 capitis
688 3389 779 3440 initio:
797 3389 898 3441 «Scuta
915 3407 979 3441 auro
991 3389 1032 3440 vel
1042 3406 1149 3462 argento

100 3470 208 3540 caelata,
227 3470 338 3542 spongia
356 3470 461 3540 pectori
475 3480 675 3540 tegumentum,
694 3486 774 3519 ocrea
794 3470 821 3519 in
840 3469 944 3520 sinistro
960 3488 1053 3534 caure,
1071 3471 1151 3541 galeae

101 3552 231 3616 cristatae,
249 3551 346 3601 tunicae
363 3547 554 3614 versicolores,
572 3560 598 3599 et
616 3545 764 3599 candide„
785 3549 834 3598 llic
849 3561 957 3600 ornatus
975 3561 1065 3601 totus:
1085 3549 1150 3602 nihil

100 3631 231 3704 ampliusr
245 3632 391 3684 nonedam
406 3627 487 3700 gladii
504 3641 530 3681 et
541 3627 602 3680 tela.
620 3631 710 3699 ltaque
726 3631 872 3698 imperator
887 3629 1037 3697 Romanus,
1051 3631 1150 3682 confir·

99 3727 221 3765 maturus
234 3709 329 3762 milites
346 3727 425 3777 snos,
438 3727 493 3759 non
511 3710 562 3760 isto
579 3721 675 3760 ornatu
689 3707 817 3760 militibus
832 3721 900 3780 opus
917 3728 991 3778 esse,
1009 3709 1089 3778 dixit,
1103 3711 1150 3763 sed

95 3792 171 3863 ferro
188 3804 214 3843 et
230 3792 334 3844 animis.
347 3790 441 3860 Itaque
453 3787 536 3839 multo
550 3789 632 3858 tnagis
645 3790 727 3840 miror
738 3787 890 3856 Dulrerum,
905 3789 938 3841 ad
958 3789 1031 3841 illum
1043 3793 1149 3862 potissi·

100 3890 174 3923 mum
186 3873 251 3923 Livii
261 3871 351 3923 locum
363 3869 414 3922 sibi
426 3867 660 3920 demonstrandum
672 3870 809 3935 sumsisse,
822 3887 875 3921 non
889 3869 969 3922 modo
982 3883 1103 3922 ornatum
1115 3870 1149 3924 de

101 3966 235 4004 armatura
248 3949 317 4017 dici,
331 3948 466 4002 sedetiam
480 3948 548 4000 mnle
561 3952 587 4001 in
600 3947 660 4000 loco
672 3949 791 4002 Suetonii
797 3949 959 4021 ferramenta
974 3949 1148 4017 anonnullis,

100 4048 151 4100 pro
167 4031 345 4094 ornamentis,
363 4026 480 4080 rescribi.
497 4029 569 4098 Ergo
588 4041 649 4079 aunt
669 4027 775 4100 qnidem
792 4027 984 4100 gladiatoribus
1002 4047 1049 4079 sua
1068 4047 1147 4079 orua-

100 4124 206 4176 menta,
222 4128 306 4181 eaque
322 4127 413 4175 arma,
427 4108 513 4161 sedin
528 4109 560 4160 iis
577 4121 622 4160 aut
636 4107 719 4179 gladii
729 4128 783 4160 non
796 4123 983 4174 numerantur,
996 4120 1057 4177 aut,
1071 4109 1093 4159 si
1107 4107 1147 4160 rel

101 4190 226 4254 maxime,
240 4187 330 4260 aliquo
344 4189 411 4239 forte
428 4187 504 4252 loco,
519 4187 633 4240 orrrandt'
648 4181 730 4240 verbo
751 4190 830 4240 etiam
848 4188 928 4258 gladii
947 4199 974 4240 et
993 4184 1045 4238 tela
1058 4189 1146 4239 conti·

99 4280 222 4333 neantur,
238 4282 326 4320 tamen
338 4269 450 4321 niaxime
462 4267 493 4320 ad
511 4282 630 4320 ceteram
648 4284 806 4321 armaturam
823 4269 928 4338 potius,
946 4285 1025 4338 quem
1041 4265 1074 4318 ad
1087 4266 1145 4336 gla-
