3076 5146
375 458 441 541 446
674 457 710 519 Ρ.
734 457 975 521 TERENTII
999 457 1124 521 VITA.

373 586 456 645 Dum
473 582 610 644 Africani
624 601 733 642 vocem
745 581 884 641 divinam
898 579 999 640 inhiat
1011 581 1107 643 avidis
1119 585 1264 646 auribus:

373 683 456 741 Dum
471 680 509 740 ad
521 680 650 740 Purium
665 701 696 740 se
708 679 855 740 coenitare
867 691 897 739 et
908 678 1055 758 Laelium,
1070 678 1237 763 pulchrum
1251 697 1352 766 putat:

373 779 457 838 Dum
470 797 500 838 se
512 776 610 836 amari
624 775 663 836 ab
675 773 757 836 hisce
769 775 878 850 credit,
891 776 998 836 crebro
1011 778 1046 837 in
1060 778 1216 839 Albanum
1227 781 1295 862 rapi

373 876 423 934 Oh
437 875 546 936 florem
557 875 653 934 aetatis
666 894 742 935 suae:
758 875 857 956 ipsus,
870 873 998 934 sublatis
1012 875 1118 952 rebus,
1131 877 1172 936 ad
1183 899 1335 938 summam

374 975 520 1055 Inopiam
535 971 675 1033 redactus
688 985 742 1033 est.

373 1071 481 1153 ltaque
492 1092 509 1130 e
520 1081 686 1150 conspectu
699 1071 839 1129 omnium
854 1069 930 1129 abiit
940 1069 1091 1130 Graeciam
1103 1073 1136 1130 in
1146 1086 1261 1132 terram
1268 1073 1411 1133 ultimam.
1499 1123 1500 1140 ,

373 1169 517 1228 Mortuus
529 1168 618 1226 estin
631 1165 828 1248 Stymphale,
843 1165 979 1228 Arcadiae
991 1167 1123 1248 oppido:
1138 1166 1218 1227 nihil
1233 1169 1360 1230 Publius

373 1265 474 1347 Scipio
488 1263 623 1346 profuit,
638 1262 718 1322 nihil
730 1264 758 1322 ei
771 1262 993 1338 Laeliuefflihil
1005 1265 1131 1325 Furius:

373 1363 445 1421 Tres
456 1382 511 1442 per
524 1360 604 1420 idem
616 1371 737 1440 tempus
751 1359 804 1439 qui
819 1359 978 1445 agitabant
992 1360 1113 1420 nobiles
1127 1360 1301 1438 facillume,

373 1461 492 1520 Eorum
506 1458 558 1519 ille
571 1479 666 1541 opera
682 1477 721 1517 ne
734 1457 865 1516 domurn
880 1458 1005 1538 quidem
1020 1458 1131 1518 hahuit
1144 1461 1379 1536 conducticiam,

375 1557 487 1618 Saltem
501 1568 536 1615 ut
549 1566 639 1631 esset,
656 1575 719 1636 quo
735 1553 862 1614 referret
876 1555 999 1615 obitum
1012 1541 1134 1618 domini
1148 1557 1297 1618 servulus.

421 1694 464 1756 ll.
491 1689 629 1782 Scripsit
639 1684 818 1754 comoedias
831 1711 889 1754 sex
900 1713 906 1755 :
918 1711 959 1756 ex
972 1689 1093 1784 quibus
1106 1693 1251 1784 primam
1263 1691 1412 1762 Andriam

374 1825 481 1897 quum
496 1797 657 1868 AEdilibus
670 1797 781 1881 daret,
793 1797 910 1891 jussus
923 1818 1001 1868 ante
1013 1803 1118 1870 Caerio
1131 1807 1290 1886 recitare,
1301 1801 1344 1871 ad
1357 1827 1409 1872 ooe·

373 1929 512 1982 nantem
533 1936 639 2008 quum
661 1914 823 1992 venisset,
841 1909 951 1979 dictus
972 1929 1041 1996 est,
1062 1915 1195 1996 initium
1216 1915 1354 2010 quidem
1371 1917 1404 1983 lii-

373 2024 479 2107 bulae,
496 2021 588 2120 quod
606 2037 678 2089 erat
695 2025 913 2089 contemtiore
929 2026 1068 2108 vestitu,
1086 2023 1247 2095 subsellio
1263 2025 1359 2120 juxta
1374 2026 1413 2094 le-

373 2133 503 2204 ctulum
520 2133 669 2202 residens
687 2130 824 2222 legisse3
836 2133 918 2228 'post
932 2159 1058 2226 paucos
1074 2160 1155 2203 vero
1171 2160 1291 2206 versus
1306 2141 1412 2205 invita-

374 2263 445 2330 tus,
463 2263 502 2314 ut
514 2244 743 2326 accumberet,
758 2267 908 2313 coenasse
922 2270 1008 2330 una,
1023 2247 1146 2318 deiude
1160 2265 1272 2317 cetera
1288 2274 1413 2344 percur-

373 2362 474 2441 risse,
487 2383 556 2426 non
569 2360 641 2425 sine
653 2381 776 2448 magna
787 2359 882 2426 Caerii
895 2357 1127 2430 admiratione.
1140 2365 1182 2429 Et
1192 2361 1282 2430 hanc
1293 2380 1411 2446 autem,

373 2485 407 2538 et
424 2471 574 2567 quinque
590 2467 737 2562 reliquas
752 2467 926 2563 aequaliter
940 2469 1067 2563 populo
1081 2469 1246 2564 probavit.
1262 2474 1411 2560 Quamvis

373 2579 544 2648 Volcatius
559 2576 601 2646 de
616 2580 867 2648 enumeratione
882 2582 1033 2647 omnium
1048 2581 1092 2646 ita
1107 2579 1248 2650 scribat:

515 2722 658 2783 Sumetur
672 2724 793 2804 Hecyra
807 2735 890 2784 sexta
902 2743 937 2782 ex
951 2721 999 2784 his
1012 2722 1130 2784 fabula.

373 2856 558 2924 Eunuchus
578 2855 714 2952 quidem
731 2856 783 2924 his
800 2855 854 2928 dia
872 2873 947 2924 acta
963 2875 1029 2940 est,
1046 2863 1238 2954 meruitque
1255 2864 1410 2953 pretium,

372 2984 538 3063 quantum
559 2967 653 3035 nulla
672 2984 771 3037 antea
787 2966 988 3065 cujusquam
1009 2969 1188 3054 comedia,
1209 2968 1243 3037 id
1261 2989 1328 3055 est,
1346 2987 1412 3040 octo

372 3080 476 3150 millia
490 3079 682 3148 nummum:
698 3099 877 3175 propterea
891 3109 1024 3152 summa
1038 3109 1174 3180 quoque
1188 3084 1288 3154 titulo
1301 3087 1413 3156 adsui

371 3191 472 3260 hitur.
491 3199 576 3260 Nam
590 3186 821 3286 Adelphorum
836 3198 1040 3289 principium
1053 3203 1161 3265 Varro
1173 3199 1274 3264 etiam
1286 3199 1412 3290 praefert

372 3307 538 3398 principio
552 3307 740 3374 Menandri.
757 3313 833 3376 Non
848 3309 991 3377 obscura
1004 3311 1092 3378 fama
1104 3325 1173 3392 est,
1188 3307 1342 3403 adjutum
1355 3315 1411 3378 Te·

371 3419 518 3483 rentium
532 3420 567 3485 in
582 3420 713 3511 scriptis
728 3441 748 3486 a
763 3418 866 3490 Laelio
881 3436 914 3489 et
927 3422 1096 3512 Scipione,
1111 3418 1316 3515 quibuscum
1326 3419 1411 3488 fiami-

371 3525 496 3593 liariter
518 3530 609 3596 vixit.
631 3527 782 3597 Eandem
801 3534 872 3623 ipse
891 3534 1002 3598 auxit:
1028 3555 1205 3627 nunquam
1225 3533 1334 3615 enim,
1354 3530 1410 3598 nisi

370 3635 505 3720 leviter,
523 3643 671 3708 satutari
686 3658 842 3723 curantr,
855 3659 894 3709 ut
903 3645 938 3709 in
953 3643 1094 3736 prologo
1108 3642 1357 3737 Adelphorum:

449 3782 528 3842 Nam
543 3785 628 3865 quod
643 3786 693 3846 isti
708 3786 820 3848 dicunt
835 3787 994 3866 malevoli,
1006 3779 1148 3851 homiues
1160 3789 1280 3850 nobiles

370 3985 437 4042 Scipio
448 3987 487 4059 'illi
507 3981 599 4046 proicit,
623 3992 652 4035 nil
673 3990 759 4044 laelius,
779 3992 810 4036 nil
831 3995 872 4036 Fu·
917 3993 1243 4054 Eommillaopennedomum
1254 3997 1338 4054 quidem
1346 3993 1411 4039 hrhuit

436 4063 479 4093 nus
982 4057 1145 4108 conducticias,

370 4108 420 4151 Tres
431 4125 469 4213 pelrl
476 4080 497 4154 id
507 4123 586 4171 tenipus
596 4116 630 4173 qui
640 4117 746 4172 agitabant
755 4117 834 4162 nobiles
844 4119 872 4160 le·
916 4117 993 4160 Saltem
1000 4128 1024 4162 ut
1033 4128 1095 4222 esset.
1105 4133 1145 4176 quo
1155 4119 1241 4162 referret
1251 4119 1329 4162 obitum
1339 4117 1411 4163 domiai

436 4187 454 4213 cr
472 4187 528 4216 uiae:
983 4194 1041 4223 servo
1050 4195 1080 4223 ue.
