3066 5148
526 520 781 588 clusum.
1156 547 1174 610 7

128 645 293 720 veneficiis
304 670 447 744 quoque
463 661 497 726 et
510 646 765 728 devotionibus⁷
783 647 975 740 impugnari
990 669 1027 716 se
1042 670 1177 740 compe-

129 763 245 830 risset:
265 782 307 826 ec
323 783 368 827 ne
387 775 471 828 tunc
489 755 626 853 quidem
639 757 728 826 ultre
745 779 964 852 progressus,
980 781 1083 852 quam
1093 773 1133 824 ut
1144 775 1178 824 et

129 873 308 942 amicitiam
325 875 357 940 ei
370 895 468 942 more
484 868 654 964 majorum
671 868 916 952 renunciaret⁸‚
934 869 1178 967 mandaretque

129 983 321 1054 domesticis
332 981 532 1067 ultionem⁹‚
548 985 576 1050 si
589 979 671 1078 quid
681 982 744 1052 sibi
755 979 931 1056 accideret.

174 1099 231 1162 IV.
258 1099 414 1181 Quarum
434 1097 598 1165 virtutum
616 1094 766 1164 fructum
785 1092 994 1164 uberrimum
1015 1091 1109 1176 tulit,
1132 1097 1180 1164 sic

128 1203 291 1300 probatus
303 1221 339 1274 et
348 1205 491 1276 dilectus
503 1231 524 1276 a
535 1209 621 1290 suis,
633 1224 673 1275 ut
686 1212 855 1298 Augustus
871 1208 1004 1292 (omitto
1016 1209 1107 1274 enim
1119 1230 1180 1276 ue·

128 1316 351 1386 cessimdiues
365 1316 545 1412 reliques),
568 1317 626 1386 diu
647 1331 841 1401 cunctatus,
863 1341 908 1386 eu
926 1316 989 1387 sibi
1010 1339 1181 1384 successo-

128 1451 201 1496 tem
218 1427 439 1512 desunarec,
458 1427 688 1522 adoptandum
701 1427 837 1498 Tiberio
851 1425 998 1496 dederit:
1015 1429 1063 1496 sic
1079 1425 1182 1519 vulgo

128 1537 342 1622 &vorabilis
356 1555 395 1608 ut
405 1539 542 1632 plurimi
555 1538 706 1620 tradant,
722 1540 853 1634 quoties
865 1537 979 1633 aliquo
991 1536 1180 1618 adveniret,

127 1650 182 1720 vel
198 1650 343 1722 sicunde
361 1649 564 1737 discederet,
584 1677 656 1747 prae
676 1651 776 1730 tsube
796 1652 1047 1721 occurrentium
1067 1672 1182 1740 prose·

128 1883 230 1922 nesam
240 1870 322 1924 urbes
330 1873 458 1943 jusserat,
470 1873 583 1944 abolita,
592 1873 635 1930 sel
678 1871 784 1926 demum
793 1870 1033 1926 Germanicilocus.
1044 1867 1184 1924 Sedverba

128 1950 331 2002 incontrsrium
341 1970 417 2006 uersa
426 1957 592 2024 cognoscitu
678 1952 706 2005 h.
721 1952 738 2004 l.
753 1950 906 2004 referuntur
920 1952 1002 2022 ipsius
1016 1949 1181 2015 Germanici,

163 2045 190 2098 7.
209 2030 275 2083 Non
286 2031 398 2102 prius...
412 2049 493 2106 quam
508 2031 636 2105 venqiciie
679 2046 793 2085 mortem
812 2049 887 2084 susm
906 2042 1007 2081 utrem
1025 2029 1143 2080 futuram
1159 2041 1185 2080 et

128 2127 232 2182 quoque
245 2123 273 2164 et
283 2111 476 2179 deuotionibus,
488 2127 538 2168 etc.
550 2113 636 2167 Tacit.
680 2109 767 2167 adhuc
776 2112 906 2164 incertam
915 2107 1185 2179 cogitantis.Accide·

129 2187 178 2242 loc.
190 2192 235 2242 cit.
249 2213 262 2237 ι
272 2191 473 2264 reperiebantur
481 2191 538 2246 solo
549 2212 580 2247 ac
590 2213 635 2266 pa·
680 2192 810 2262 tetigitur
827 2191 958 2260 optativus
974 2200 1013 2238 est
1027 2187 1127 2238 coristi.
1145 2187 1184 2238 lte

129 2269 238 2324 rictibus
250 2286 331 2324 ecutae
344 2270 522 2326 humanorum
537 2294 635 2348 corpo-
677 2270 739 2341 esp.
752 2271 799 2338 24,
813 2266 907 2340 «quod
918 2286 961 2339 spe
973 2265 1124 2337 occupandi
1134 2265 1184 2316 Ur-

129 2367 186 2400 mm
199 2348 332 2421 reliquiis,
344 2352 461 2403 carmine
475 2363 502 2404 et
512 2343 635 2410 devotio·
680 2349 756 2416 bem,
769 2351 792 2400 si
805 2347 869 2420 quid
883 2346 933 2398 sibi
948 2363 998 2418 pec
1012 2358 1183 2416 tempestates

128 2422 635 2503 ncc‚etnomenGermeniciplumbeis
679 2429 826 2494 accideret,
854 2428 1055 2478 remansisset.»
1084 2426 1185 2490 Auctor

130 2504 226 2558 tabulis
237 2507 420 2582 insculptum,
436 2511 544 2562 semusti
561 2513 634 2563 cine·
679 2509 835 2581 imperfecto
849 2524 913 2559 usus
928 2517 983 2572 est,
1001 2506 1128 2576 quoniam
1145 2524 1184 2556 re-

128 2603 181 2652 res,
194 2605 226 2638 ac
238 2586 303 2640 tabe
317 2588 405 2656 obliti,
419 2589 522 2661 alisque
534 2590 635 2643 maleli-
678 2586 778 2639 tulited
788 2606 873 2659 spm,
884 2587 1028 2657 scripturus
1037 2584 1184 2650 accidisset,

128 2669 182 2733 cia,
197 2669 258 2739 quis
275 2667 393 2722 creditur
405 2671 506 2722 animas
520 2672 635 2724 numini·
679 2669 702 2719 si
719 2666 850 2720 retulisset
867 2666 901 2718 ad
915 2664 1059 2738 occupandi
1079 2665 1182 2716 lirim.

128 2745 299 2812 busiufernis
310 2752 438 2802 sacraria
451 2751 528 2803 Conf.
542 2750 577 2804 ad
588 2753 634 2804 'l'i-
678 2749 739 2799 Non
753 2748 856 2798 minore
869 2747 967 2818 injuria
981 2731 1090 2797 Ernest.¹
1100 2742 1185 2810 infra,

127 2821 181 2876 her.
196 2843 260 2896 cap.
277 2823 320 2878 52.
680 2844 738 2897 cap.
752 2843 799 2894 29,
810 2824 917 2876 damnet
932 2827 996 2875 «cui
1008 2835 1059 2874 tam
1071 2823 1116 2873 diu
1129 2841 1184 2874 nou

161 2907 186 2959 8.
209 2907 299 2976 Quom
316 2917 347 2960 ut
364 2919 390 2960 et
406 2907 551 2962 amicitiam
569 2912 632 2962 ei...
675 2903 804 2978 prodesset
817 2903 999 2968 elleborum„
1019 2915 1118 2954 rectum
1131 2903 1183 2954 La-

127 2989 301 3039 munciaret.
309 2987 394 3040 Tecit.
406 2988 501 3039 Annsl.
513 3009 572 3060 cap.
584 3008 632 3060 70,
676 2985 806 3036 tinitstem
818 2984 955 3055 postulare
966 2981 1056 3033 dicens
1066 2981 1183 3052 profuis-

130 3087 142 3110 ·
151 3067 293 3135 componit
310 3065 450 3137 epistolas,
466 3068 523 3137 quis
543 3069 633 3119 amici·
676 3075 720 3116 set.
731 3066 828 3132 Immo,
840 3066 983 3116 continuus
995 3081 1059 3116 usus
1073 3061 1183 3138 ellebori

127 3144 189 3193 tiam
197 3142 417 3209 circumdabat,
426 3165 437 3190 ι
449 3141 482 3194 sd
491 3161 570 3214 quem
579 3144 631 3197 loc.
675 3162 762 3216 neque
770 3143 864 3196 eodem
874 3142 919 3195 illo
929 3155 1049 3212 tempore
1056 3142 1183 3193 intermis-

125 3221 185 3273 side
197 3221 308 3272 Excute.
321 3221 412 3292 Lipsii.
424 3222 633 3275 Etanteamici·
677 3243 738 3291 sus,
760 3239 836 3278 antea
856 3237 945 3276 tamen
969 3236 995 3275 et
1018 3221 1105 3274 adhuc
1126 3223 1182 3274 sine

127 3302 190 3353 tiam
205 3301 279 3354 abest
290 3303 319 3352 in
332 3301 446 3368 Codice,
460 3305 537 3371 cujus
551 3301 633 3357 colla-
675 3304 779 3370 frucm,
794 3303 950 3375 imperfecto
969 3304 1069 3374 optime
1083 3303 1183 3372 signifi·

126 3382 164 3432 tio
176 3382 259 3433 estin
272 3381 395 3433 menibus
407 3379 520 3434 Mulleri.
677 3398 759 3436 estur.

160 3479 187 3530 9.
214 3460 408 3533 Manliumque
428 3461 571 3515 domesticis
588 3461 632 3515 ul·
711 3465 755 3516 tv.
779 3481 801 3516 1.
819 3463 855 3516 Ut
864 3463 997 3536 Auqmtus
998 3499 1062 3514 .....
1080 3481 1114 3514 an
1132 3465 1182 3518 siin

126 3543 233 3594 tionem.
244 3541 338 3593 Oratio
352 3555 391 3593 est
403 3541 475 3612 apud
485 3544 548 3594 Tac.
562 3544 631 3594 Anu.
672 3553 839 3597 'mecessorem
858 3543 1011 3608 destinaret,
1028 3554 1078 3593 etc.
1095 3541 1180 3592 Tacit.

126 3639 186 3692 cap.
198 3637 243 3690 71,
254 3622 301 3692 qul
312 3619 400 3672 addite
414 3622 559 3674 «Jucsvere
571 3623 633 3676 smi-
676 3621 772 3673 Annei.
790 3623 835 3688 IV,
850 3622 899 3690 57:
918 3619 1112 3672 «Dubitaverst
1125 3620 1182 3670 Au-

127 3702 165 3766 ci,
184 3699 304 3752 dextram
320 3701 460 3752 morientis
476 3702 633 3772 contingen·
677 3713 787 3771 gustus,
804 3700 1008 3765 Gemauicuru,
1026 3698 1123 3751 sororis
1136 3716 1183 3750 ne-

127 3780 483 3850 tes‚spititumentc,quam
491 3779 631 3847 ultionem,
676 3794 789 3852 potem,
805 3793 831 3832 et
850 3782 951 3832 cunctis
969 3779 1122 3844 laudatum,
1143 3780 1182 3830 rei

128 3859 633 3931 amissuross-Siquidtibicccide·
677 3861 801 3913 Romsnae
819 3861 970 3931 imponere;
994 3858 1040 3911 sed
1056 3857 1180 3930 precibus

129 3937 630 4012 »τίςιῖτιπὲθοι,ρενοιιρὶιεωίεωῑιω.
676 3941 765 3992 uxoris
784 3941 900 4006 euictus,
918 3937 1025 3995 Tiberio
1044 3939 1181 3990 Germani-

127 4019 261 4071 Emestius
278 4017 425 4071 dicendum
443 4019 525 4070 fuisse
540 4033 632 4072 censet
677 4039 754 4086 eum,
769 4019 818 4070 sibi
834 4017 969 4071 Tiberium
989 4017 1106 4070 adscivit.
1119 4039 1130 4062 ιι
1145 4045 1181 4056 -

129 4097 263 4152 occidisset.
289 4099 329 4151 lte
353 4099 426 4150 aetio
447 4096 632 4151 ulciscentium
677 4100 864 4169 Adoptandom
874 4098 978 4151 Tiberio
988 4098 1093 4151 dederit.
1102 4096 1179 4148 Goni.

129 4180 442 4250 respiceretur,euisane
450 4191 632 4249 postmortem
676 4178 765 4231 Tibcc.
780 4177 819 4230 15.
881 4179 900 4196 ‘
