3048 5142
533 454 697 518 GALBA.
1071 481 1132 546 271

144 586 262 652 XXIII.
288 585 389 649 Periit
400 583 498 649 tertio
509 596 543 648 et
558 581 803 673 septuagesimo
820 583 925 648 fetatis
941 593 1045 650 anno¹
1058 637 1066 667 ,
1079 587 1138 652 im·

13 701 14 704 ’
102 696 181 786 perii
196 717 311 760 mense
328 695 500 786 septimo².
519 695 676 770 Senatus,
696 707 733 757 ut
749 692 896 782 primum
914 690 1043 760 licitum
1060 694 1138 779 fuit,
1187 689 1189 694 ’

103 821 239 872 statuam
250 808 280 872 ei
293 804 521 885 decreveratl,
534 817 685 870 rosnatae
698 800 864 869 columnae
875 821 1137 895 superstantem,

102 918 237 1008 inparte
249 917 341 999 Fori,
354 939 421 1009 qua
433 911 618 982 trucidatus
630 928 691 979 est.
707 911 770 980 Sed
782 910 952 980 decretum
965 917 1141 1006 Vespasia·

103 1049 160 1092 nus
181 1024 344 1107 abolevit,
367 1047 583 1119 percussores
605 1022 668 1090 sibi
690 1045 730 1088 ex
750 1025 911 1114 Hispania
930 1026 965 1092 in
986 1025 1140 1094 Judaeam

104 1139 304 1205 summisisse
317 1139 484 1228 opinatus.

132 1355 223 1406 xxttt.
240 1373 262 1406 ι.
277 1356 364 1409 Tertio
376 1369 401 1407 et
411 1357 596 1429 septuapesimo
640 1369 736 1403 meuses
756 1363 851 1423 septem
873 1351 975 1423 diesque
997 1352 1111 1404 totidem.
1125 1377 1137 1400 ι

13 1481 14 1484 ,
103 1433 595 1502 oetaeisanno,liaTaci1.Hise,1,49,
640 1428 707 1479 Cum
727 1427 779 1480 hoc
800 1431 930 1482 consentit
949 1429 1056 1501 Ioseph.
1076 1431 1139 1483 Ball.

106 1514 196 1562 «Hune
206 1515 302 1563 exitum
313 1511 405 1564 babuit
418 1515 486 1564 Serv.
497 1512 595 1577 Galba,
640 1507 701 1559 lud.
716 1511 759 1573 tv,
777 1525 806 1576 9,
823 1524 847 1559 a.
860 1509 956 1560 Contra
970 1509 1068 1580 Xiphil.
1082 1511 1099 1562 l.
1115 1531 1139 1562 c.

105 1591 175 1644 tritas
183 1603 208 1643 et
219 1590 381 1664 teptuupinta
392 1591 466 1642 anuis
479 1591 595 1660 quinque
641 1577 693 1655 ἶρξι
704 1587 778 1650 pitres
790 1587 852 1640 tnta
864 1586 903 1636 teti
915 1585 998 1656 Ιμίρας
1012 1589 1139 1657 dirempsit,
1197 1581 1199 1587 ’

13 1707 15 1740 t
104 1671 230 1741 Principes
245 1688 373 1741 prospera
386 1671 492 1722 fortuna
505 1688 595 1720 euren—
641 1679 668 1716 et
684 1684 743 1717 cum
759 1685 790 1718 eo
808 1668 908 1719 laniunt
924 1669 1040 1722 Zonaras
1053 1683 1079 1722 et
1090 1671 1141 1722 Ce-

13 1767 15 1788 ÷
104 1763 151 1813 tus,
158 1763 183 1798 et
190 1745 510 1818 alienoirnperiofelicior,
518 1766 596 1818 quam
641 1742 746 1796 dranus.
762 1747 841 1796 Recte
859 1764 904 1798 eos
919 1749 1042 1799 conciliat
1056 1752 1139 1801 Ileim.

13 1799 15 1888 ,l
105 1845 155 1878 suo.
164 1850 175 1872 ι
187 1827 228 1879 CI.
242 1825 330 1878 Aurel.
342 1829 440 1891 Victor,
450 1828 520 1898 Epit.
531 1845 554 1878 c.
565 1827 595 1892 6,
642 1821 675 1874 ad
687 1823 786 1894 Xiphil.
798 1825 815 1875 Ι.
832 1843 855 1875 c.
867 1827 917 1893 ita,
933 1839 962 1877 ut
973 1846 986 1877 u
999 1827 1042 1878 dio
1052 1845 1068 1896 9
1078 1830 1140 1880 Jun.

13 1967 14 1972 ¹
105 1906 153 1973 qni,
161 1928 172 1949 ι
181 1904 270 1971 Quum
276 1906 488 1979 septuuqesimum
495 1904 596 1957 tertium
642 1923 702 1955 anri.
718 1904 779 1970 821,
789 1922 841 1974 quo
853 1906 922 1955 Nero
934 1907 1087 1971 exstinctus,
1099 1924 1141 1958 us·

104 1983 177 2033 atatis
190 2000 287 2032 annum
297 1993 421 2056 ciperet...
435 2001 515 2034 caesus
526 1997 593 2034 est·
642 1981 742 2052 quoad
758 1983 787 2034 15
803 1985 910 2034 ianuar.
929 2002 989 2035 ann.
1008 1985 1072 2048 822,
1087 2003 1141 2054 quo

13 2053 14 2076 Ι
104 2063 283 2112 decoratiores
304 2061 424 2112 ridentur
444 2063 544 2129 Grani,
568 2076 597 2113 ut
640 2060 741 2128 Galba,
760 2081 856 2114 menses
874 2075 968 2134 septem
984 2064 1141 2135 totidemque

13 2165 14 2170 =
104 2136 197 2208 Xipbil.
215 2139 308 2205 LXIV,
325 2141 356 2206 6,
377 2138 441 2206 ἴξισι
460 2139 485 2192 dl
503 2137 596 2202 Γάλβας
641 2140 710 2202 dies,-
729 2154 821 2192 contra
844 2161 858 2193 a
880 2142 922 2194 dle
941 2143 956 2194 3
974 2142 1056 2213 April.
1078 2161 1140 2196 ann.

106 2217 139 2269 ir·
151 2214 189 2271 III
199 2216 239 2268 eal
250 2216 419 2283 ildopiuem,
433 2232 458 2270 et
470 2219 596 2286 Zonaras,
642 2218 703 2286 821,
716 2237 768 2290 quo
781 2219 865 2272 Galba
878 2223 1023 2292 Imperator
1034 2225 1143 2274 nuncia·

104 2295 180 2364 findet
189 2294 231 2364 pir
242 2296 335 2366 (tieem
346 2297 383 2349 ira
396 2298 436 2352 dio
447 2298 487 2350 eei
499 2297 597 2364 issdopi·
620 2333 626 2367 ,
642 2310 684 2349 tus
699 2299 775 2349 fuerit
787 2318 801 2350 a
815 2299 953 2366 militibus,
967 2319 1057 2352 tenvem
1070 2320 1142 2352 men-

105 2397 182 2444 tem,
196 2377 235 2427 uti
250 2373 334 2445 κ’μΙμς
347 2380 404 2446 τρεῖς
420 2377 460 2429 καὶ
478 2377 597 2430 eirenem...
641 2394 677 2428 set
686 2377 788 2448 diesque
799 2379 916 2432 tredecim
929 2381 1023 2446 fuisse,
1036 2378 1141 2431 doceat.

106 2455 170 2512 tiene
188 2455 252 2512 elane
273 2458 370 2523 ἐγίνετο.
392 2458 443 2512 Sed
463 2461 498 2510 ita
520 2461 597 2510 etiarn
642 2456 766 2507 Eamdem
787 2459 854 2508 uiam
877 2461 1010 2529 praeiverat
1031 2459 1142 2512 Ouden-

106 2555 154 2588 non
168 2539 288 2588 convenit
306 2541 444 2589 rationum
459 2557 528 2590 anno
541 2540 597 2606 ejus
643 2532 718 2606 dorp.
734 2536 766 2586 ad
781 2536 807 2587 h.
823 2535 840 2588 l.

106 2614 187 2664 natali.
198 2615 262 2665 Vide
276 2633 356 2687 supra
370 2630 458 2667 notam
472 2617 505 2669 ad
518 2629 597 2686 caput
677 2618 702 2668 3.
717 2616 853 2670 Senatus...
868 2630 979 2670 statuam
991 2621 1016 2670 ei
1029 2619 1143 2674 decreve-

105 2693 136 2757 Ι,
152 2706 177 2743 et
191 2695 301 2744 Reimar.
317 2693 351 2744 ad
365 2695 492 2766 Xipltilin.
506 2697 596 2760 LXIV,
643 2707 695 2761 rat,
708 2709 757 2746 etc.
771 2697 844 2747 Alios
857 2695 971 2748 honores
985 2711 1046 2768 post
1058 2697 1142 2751 Otho-

108 2784 154 2821 tet
168 2770 192 2822 6.
641 2776 681 2824 nis
701 2788 811 2825 mortem
832 2777 855 2827 ei
876 2795 890 2826 a
908 2775 1010 2846 populo
1029 2775 1141 2828 tributos

138 2867 160 2900 a.
183 2849 295 2922 imperii
314 2870 399 2903 mense
419 2853 536 2922 septimo.
557 2853 596 2904 Ita
641 2855 823 2907 narratTacit.
839 2859 905 2908 Hist.
919 2858 954 2920 ll,
967 2854 1013 2908 55:
1030 2858 1141 2925 «Popu-

105 2927 209 2998 Entrop.
228 2930 294 2995 Vll,
315 2945 360 2990 103
377 2942 404 2980 et
421 2928 492 3000 apud
510 2933 595 2982 'Facit
641 2935 682 2987 lus
701 2954 760 2986 cum
780 2936 857 2987 lauru
876 2955 906 2988 ac
925 2936 1033 2988 floribus
1052 2937 1142 2988 Galbae

106 3008 197 3059 lli-‘Ion
210 3009 234 3074 l,
247 3008 295 3078 37,
308 3007 379 3060 Otho
392 3011 417 3061 ln
433 3013 551 3062 oralione
563 3009 597 3061 ad
641 3018 768 3085 imagines
779 3019 876 3068 circum
888 3017 983 3087 templa
995 3015 1065 3081 tulit,
1077 3036 1142 3068 con-

105 3085 211 3151 milites,
235 3089 358 3160 uSeptem
380 3106 394 3138 a
415 3089 526 3140 Neronis
547 3091 598 3142 fine
642 3098 721 3166 gestis
736 3099 762 3146 in
779 3096 888 3148 modum
908 3095 1001 3147 tumuli
1018 3098 1141 3164 coronIs,

106 3181 197 3218 menses
209 3179 279 3217 sunt.
291 3190 302 3212 a
318 3167 406 3218 Aurel.
420 3169 518 3234 victor,
533 3169 596 3222 Cas.
639 3179 713 3246 juxta
734 3174 817 3225 lacurn
838 3176 937 3241 Curtii,
958 3195 1033 3246 quem
1052 3175 1140 3226 locum

105 3243 132 3309 5,
146 3269 157 3290 ·
168 3263 248 3296 caeffi
259 3259 298 3296 est
310 3265 396 3298 meuse
404 3249 506 3318 imperii
518 3268 549 3299 ac
558 3250 599 3306 dle
642 3254 723 3307 Galba
732 3257 846 3306 moriens
854 3256 1140 3326 sanguiueiniecerat.»

105 3325 245 3394 septimo,·
263 3341 288 3378 et
304 3325 373 3396 Epit.
392 3327 424 3392 6,
442 3351 453 3373 ι
463 3329 598 3398 imperavit
643 3333 682 3384 CI.
694 3350 751 3403 quae
762 3332 845 3400 idem,
856 3336 902 3402 ΙΙΙ,
914 3351 938 3402 7.
