3076 5146
215 829 423 954 AULI
475 827 757 952 PERSII
811 827 1038 952 VITA.

511 1183 747 1208 *-

107 1445 242 1550 Ausus
256 1485 389 1549 Paasrus
400 1486 545 1549 chcus
561 1494 660 1548 natus
678 1490 744 1548 est·
763 1479 870 1573 pridie
886 1485 999 1548 Nonas
1013 1485 1150 1550 Decem·

105 1594 196 1677 bris,
220 1594 321 1661 Fabio
345 1595 493 1674 Persico,
516 1595 553 1658 L.
576 1591 730 1675 Vitellio,
759 1591 973 1662 Consulibus.
1003 1596 1152 1662 Decessit

106 1722 265 1772 octavum
281 1703 448 1772 Kalendas
462 1702 619 1770 Decemh.
636 1701 754 1769 Publio
766 1705 891 1785 Mario,
910 1706 1023 1772 Asinio
1036 1703 1151 1788 Gallo,

105 1811 324 1882 Consulibus.
335 1819 440 1880 Natus
450 1815 485 1880 in
495 1814 627 1880 Etruria
637 1811 954 1906 volaterrisAEques
965 1819 1152 1895 Romanus,

107 1928 274 2017 sanguine
291 1941 324 1994 et
339 1925 501 1993 affinitate
516 1926 615 2017 primi
629 1922 755 1992 ordinis
772 1927 851 1992 viris
868 1922 1083 2015 conjunctus,
1100 1922 1154 1992 de·
1213 2005 1219 2016 ι

107 2039 209 2104 cessit
225 2034 268 2102 ad
287 2053 443 2104 octavum
459 2035 652 2102 milliarium
670 2038 724 2102 via
740 2038 846 2128 Appia
863 2037 897 2101 in
916 2033 1051 2126 praediis
1070 2037 1151 2102 suis.

107 2151 207 2212 Pater
221 2143 294 2238 ejus
311 2144 449 2212 Flaccus
466 2144 633 2237 pupillum
651 2144 786 2240 reliquit
804 2147 966 2228 moriens,
986 2167 1152 2210 annorum

107 2257 179 2324 fere
207 2279 275 2324 sex.
303 2255 420 2324 Fulvia
445 2259 595 2324 Sisennia
620 2273 728 2325 mater
752 2259 867 2348 nupsit
892 2269 1008 2347 postea
1032 2256 1152 2337 Fusio,

107 2369 222 2461 Equiti
238 2372 406 2436 Romano:
424 2385 549 2435 etcum
566 2392 701 2462 quoque
717 2367 835 2442 extulit
848 2369 935 2433 intra
951 2389 1076 2458 paucos
1092 2389 1154 2432 an-

108 2501 183 2546 nos.
199 2476 331 2546 Studuit
342 2479 480 2547 Flaccus
493 2479 655 2574 usquead
668 2503 795 2547 annum
807 2477 1045 2547 duodecimum
1056 2477 1154 2545 Vola·

107 2589 226 2654 terris:
245 2587 322 2655 inde
336 2593 450 2656 Romae
466 2589 557 2682 apud
574 2591 829 2681 grammaticum
847 2591 1037 2656 Remmium
1053 2587 1155 2655 Palae·

108 2721 268 2780 monem,
295 2714 329 2765 et
352 2699 444 2792 apud
467 2698 636 2768 rhetorem
656 2703 843 2792 Virginium
866 2700 1017 2768 Flavum.
1041 2704 1154 2786 Quum

108 2824 200 2876 esset
219 2831 387 2875 annorum
408 2807 570 2891 sedecim,
590 2812 734 2877 amicitia
755 2813 856 2902 coepit
874 2813 925 2876 uti
943 2811 1059 2876 Annaei
1076 2811 1156 2874 Cor·

108 2921 202 2999 nuti,
220 2921 265 2984 ita
281 2934 319 2985 ut
335 2918 377 2985 ab
394 2943 434 2986 eo
450 2936 638 3013 nusquam²
655 2916 861 2987 discederet:
879 2944 899 2986 a
915 2940 983 3014 quo
998 2915 1155 2985 inductus

108 3026 322 3121 aliquatenus
338 3030 371 3094 in
389 3027 637 3121 philosophiam
651 3045 711 3096 est.
730 3031 862 3096 Amicos
878 3028 996 3096 habuit
1013 3029 1156 3118 aprima

110 3135 337 3205 adolescentia
361 3140 506 3205 Caesium
530 3143 669 3205 Bassum
695 3141 849 3230 poetam,
878 3153 911 3204 et
935 3133 1156 3228 Calpurnium

109 3244 268 3329 Suram³,
288 3250 345 3341 qui
364 3271 405 3316 eo
422 3251 499 3314 vivo
513 3245 648 3340 juvenis
668 3245 820 3314 decessit.
838 3246 948 3332 Coluit
967 3262 1006 3313 ut
1025 3261 1156 3338 patrem

111 3356 288 3424 Servilium
307 3361 505 3425 Nonianum.
529 3361 591 3424 Per
609 3361 796 3424 Cornutum
815 3359 972 3449 cognovit
990 3363 1156 3424 Annaeum

112 3468 215 3534 etiam
223 3471 413 3550 Lucanum,
429 3491 616 3562 aequaevum
625 3467 812 3535 auditorem
822 3470 970 3535 Cornuti.
983 3473 1068 3536 Nam
1079 3472 1156 3535 Cor·

112 3593 217 3644 nutus
240 3576 298 3643 illo
323 3593 475 3670 tempore
502 3582 665 3672 Tragicus
692 3578 779 3662 fuit,
804 3593 904 3647 sectae
929 3580 1068 3662 Stoica),
1097 3579 1156 3672 qul

113 3685 218 3754 libros
234 3685 454 3781 Philosophiae
466 3689 610 3784 reliquit.
629 3686 692 3759 Sed
709 3693 864 3756 Lucanus
875 3686 960 3756 adeo
972 3687 1157 3755 mirabatur

114 3799 238 3888 scripta
250 3794 375 3880 Flacci,
388 3815 427 3865 ut
438 3801 494 3867 vix
505 3802 664 3866 retineret
675 3821 711 3866 se
723 3798 781 3865 illo
793 3797 952 3866 recitante
963 3823 984 3864 a
994 3797 1155 3878 clamore,

154 4033 176 4066 ι.
186 4014 330 4083 Natusest,
343 4029 392 4070 etc.
405 4019 436 4070 Δ.
447 4020 480 4070 U.
492 4018 556 4089 7873
566 4017 613 4070 de-
692 4035 718 4070 2.
736 4020 881 4092 quuam.
893 4019 1037 4072 Auctorem
1053 4015 1156 4068 dedisse

115 4095 194 4148 cessit
208 4113 271 4146 ann.
284 4094 345 4148 815.
360 4095 454 4150 Publio
465 4099 549 4148 Mario
563 4115 612 4168 pro
657 4109 723 4168 puto
736 4115 882 4170 nunquam.
924 4129 927 4134 ,

114 4175 212 4226 Rubrio
228 4175 377 4228 emendavit
391 4178 461 4248 Lips.
479 4175 513 4228 ed
530 4177 612 4230 Tacit.
695 4177 719 4229 3.
739 4177 840 4229 Suram.
854 4179 891 4230 lta
902 4174 1017 4228 woltun
1031 4193 1080 4246 pro
1096 4176 1156 4230 Sta-

114 4251 210 4305 Anual.
224 4255 300 4322 XIV,
314 4256 356 4322 48.
659 4267 751 4310 turam.
