3066 5148
468 541 723 608 caurauni.
1075 547 1118 638 ⁶7

90 677 191 762 risque
209 670 343 734 animus
359 664 492 735 adoriri.
514 665 578 738 Sed
598 693 667 736 una
684 669 856 763 alteraque
876 673 1122 764 conspiratione

90 778 241 862 detecta¹,
257 777 333 846 aliis
347 801 409 870 per
421 781 570 872 inopiam
583 781 766 847 occasionis
782 780 1036 866 cunctantibus,
1054 782 1123 851 duo

89 893 253 962 consilium
272 893 624 975 communicaverunt,
643 893 945 988 perfeceruntque:
965 917 1034 963 non
1053 898 1125 964 sine

89 1005 283 1072 conscientia
303 1004 617 1096 potentissimorum
636 1001 854 1086 libertorum,
875 1004 1127 1098 praefectorum·

92 1137 149 1210 que
165 1116 330 1207 praetorii3
349 1111 441 1208 quod
460 1116 524 1206 ipsi
543 1137 695 1208 quoque,
718 1117 780 1182 etsi
801 1113 902 1199 falso,
923 1119 958 1184 in
980 1115 1128 1211 quadam

91 1226 313 1316 conjuratione
324 1225 422 1318 quasi
435 1225 615 1314 participes
631 1226 810 1307 nominati,
825 1242 997 1318 suspectos
1014 1242 1128 1294 tamen

92 1357 122 1400 se
135 1349 167 1400 et
178 1335 307 1400 invisos
321 1332 520 1401 sentiebant.
535 1337 620 1400 Nam
633 1350 666 1400 et
682 1335 794 1401 statim
810 1333 955 1404 seductis
972 1359 1130 1426 magnam

92 1442 160 1510 fecit
181 1441 361 1524 invidiam,
387 1440 546 1510 destricto
571 1438 682 1534 gladio
707 1443 896 1527 affirmans,
924 1462 1070 1537 «sponte
1094 1467 1132 1513 se

92 1555 289 1646 periturum,
306 1555 334 1620 si
352 1569 386 1620 et
402 1552 469 1620 illis
483 1567 594 1620 morte
607 1551 731 1642 dignus
745 1552 931 1620 videretur:
945 1584 958 1616 r
981 1578 1045 1622 nec
1060 1578 1133 1622 ces·

94 1667 167 1730 savit
178 1688 218 1732 ex
231 1687 274 1731 eo
284 1665 456 1730 criminari
470 1661 615 1730 alterum
626 1661 738 1743 alteri,
751 1678 852 1756 atque
864 1666 952 1731 inter
965 1687 1001 1731 se
1016 1687 1133 1734 omnes

2 1819 3 1824 κ
93 1778 305 1842 committere.
321 1778 436 1860 Quum
450 1771 633 1866 placuisset
648 1773 806 1840 Palatinis
820 1771 929 1842 ludis²
942 1775 1134 1867 spectaculo

2 1920 3 1927 ¹
95 1911 259 1980 agressum
281 1885 423 1954 meridie
445 1885 602 1977 aggredi,
628 1887 754 1977 primas
778 1885 841 1952 sibi
864 1901 978 1978 partes
1000 1889 1134 1954 Cassius

94 1997 240 2066 Chaerea³
249 2050 259 2080 ,
269 1995 443 2064 Tribunus
454 1994 601 2063 cohortis
613 1998 795 2088 praetoriae,
806 1993 1019 2089 depoposcit:
1033 2019 1136 2090 quom

93 2111 180 2176 Cuius
190 2110 361 2194 seniorem
369 2103 456 2198 jam,
469 2122 508 2172 ut
518 2105 657 2174 mollem
667 2121 701 2174 et
711 2094 943 2174 effeminatum
954 2104 1135 2174 4denotare

94 2221 175 2287 omni
187 2217 318 2313 probro
329 2201 528 2300 consuerat,
544 2231 579 2284 et
588 2216 706 2300 modo,
719 2218 853 2306 signum
865 2213 1007 2308 petenti,
1025 2221 1136 2284 PRIA-

96 2335 178 2397 PUM
187 2345 252 2396 aut
262 2331 475 2396 VENEREM
486 2325 583 2408 dare,
596 2326 713 2410 modo,
727 2325 894 2420 exaliqua
906 2351 1006 2394 causa
1022 2329 1135 2419 agenti

96 2444 226 2534 gratias,
242 2439 463 2508 osculandam
477 2463 618 2506 manum
630 2439 786 2522 offerre⁵‚
800 2439 978 2506 formatam
989 2461 1135 2506 commo-

2 2561 3 2574 ²
97 2569 224 2647 tamque
236 2553 271 2617 in
284 2549 481 2618 obscoeuum
492 2549 644 2617 modum.
1154 2537 1160 2548 ⁴

124 2811 185 2862 tvl.
211 2827 235 2860 ι.
249 2807 302 2874 Sed
314 2826 369 2860 una
381 2805 514 2880 alteroque
527 2825 589 2858 con·
633 2805 729 2875 gnidtu
744 2824 826 2871 sono,
841 2819 867 2857 et
880 2806 993 2858 infracta
1006 2821 1073 2857 roca
1086 2823 1133 2856 su-

95 2891 227 2964 spiratione
240 2889 347 2941 detecta.
366 2888 443 2940 Conf.
457 2885 491 2939 de
505 2899 589 2939 morte
633 2887 1027 2958 apertioni-luicCaiusaiguum
1034 2888 1135 2956 petenti

97 2971 146 3022 Ser.
168 2968 283 3040 Papiniii
304 2968 436 3032 Zonaras,
454 2984 516 3036 pag.
535 2965 587 3035 557
633 2963 1136 3035 modoVeneris‚ruodoPriapidabnn

95 3049 180 3122 (quem
193 3049 286 3102 locum
298 3066 359 3098 curn
373 3061 465 3098 nostro
479 3064 589 3117 compa·
634 3046 708 3100 aliter
726 3060 804 3117 atque
822 3045 897 3098 aliter
912 3044 1077 3116 exprobrans
1092 3061 1134 3096 ar-

96 3132 153 3180 nrit
163 3130 303 3182 Reimarus
314 3126 348 3178 ad
360 3127 439 3178 Dion.
447 3126 518 3188 tux,
531 3124 588 3194 25).
633 3139 705 3178 mato
719 3124 864 3176 mollitiem.
877 3126 937 3176 Haec
948 3127 1006 3194 ipse
1017 3122 1136 3194 perluci-

4 3233 5 3242 =
95 3207 334 3279 Deconspiratione
345 3204 441 3256 AEuriiii
449 3203 542 3274 Lepidi
551 3204 589 3253 vi·
633 3203 700 3270 dur,
713 3202 880 3274 crepidatus,
894 3201 1048 3256 armillatus.
1063 3203 1133 3255 Coe-

96 3289 124 3342 de
134 3290 211 3341 Dion.
226 3305 306 3357 supra
319 3287 363 3336 cit.
377 3283 411 3335 ad
424 3303 484 3355 cap.
498 3282 540 3350 24.
632 3285 669 3355 git
687 3285 777 3353 itaque
791 3281 865 3334 illurn
884 3283 923 3334 uti
938 3284 1021 3345 ferro,
1037 3301 1071 3334 ne
1084 3301 1132 3336 tar·

127 3385 149 3419 s.
169 3367 284 3436 Quum...
300 3361 587 3430 Palatinisludis‚etc.
632 3363 692 3432 pius
717 3363 820 3430 signum
845 3374 972 3433 peteret.»
999 3361 1133 3435 Siquam,-

95 3445 164 3497 Cant.
182 3441 293 3512 loseph.
309 3441 386 3508 XIX,
405 3459 427 3492 t.
452 3441 589 3512 innutritos
632 3459 695 3506 nos,
711 3439 735 3492 Ie
749 3451 803 3492 mot
815 3437 919 3492 d'ordre.

96 3519 224 3574 hesiodos
234 3539 249 3572 a
258 3521 330 3572 ttvta
339 3531 400 3590 post
411 3533 522 3571 mortem
531 3522 588 3569 Au·
668 3520 693 3571 5.
715 3517 889 3572 Osculandnm
906 3539 1014 3573 manum
1025 3520 1130 3592 offerre.

96 3604 176 3670 gurd,
189 3613 280 3654 narrat
291 3601 358 3666 Dio,
370 3599 442 3663 LVI,
455 3598 498 3666 46.
625 3599 728 3654 ‚Manus
754 3596 882 3664 osculari,
909 3619 1044 3654 servorum
1067 3614 1131 3653 erat.

127 3683 151 3733 3.
169 3681 269 3734 cassius
288 3678 400 3730 ctroerea.
419 3677 497 3729 cont.
514 3675 566 3727 Dio
577 3711 587 3740 ,
632 3677 699 3731 Vide
709 3676 812 3730 Fabric.
823 3677 856 3730 ad
869 3680 948 3731 Dion.
958 3679 1029 3745 ux,
1043 3697 1084 3748 ²7·
1097 3710 1133 3742 -,-

97 3756 160 3826 ΠΧ,
174 3776 215 3828 ²9·
230 3753 298 3809 Face
309 3754 515 3827 conspirationis
527 3772 589 3805 nar·
634 3759 847 3832 commotamque
864 3760 892 3811 in
913 3761 1056 3812 obscoeottm
1076 3779 1134 3814 mc-

98 3838 218 3890 rationem
232 3834 339 3888 exhibet
352 3831 460 3905 Joseph.
473 3831 549 3896 xit,
566 3849 588 3882 ¹.
633 3837 705 3888 dum.
722 3837 925 3892 Emendationes
939 3840 1019 3911 Lipsii
1032 3838 1066 3892 ad
1078 3842 1132 3892 Ta-

127 3917 152 3984 4.
169 3918 280 3988 Quem...
292 3925 322 3965 ut
333 3912 439 3967 mollem
450 3924 476 3964 et
487 3911 590 3982 essemi·
634 3918 678 3968 cit.
694 3917 768 3984 xut,
785 3935 816 3974 α,
833 3929 1047 3991 flammarumque
1062 3918 1089 3970 b.
1109 3938 1134 3970 c.

101 4007 182 4046 utum
190 3995 385 4059 mammete.
395 3988 588 4060 consumpti.
635 3996 669 4048 ad
685 3995 797 4048 fonnem
811 3995 890 4048 literae
905 3998 1014 4050 Garama
1030 4001 1135 4050 insertis

100 4075 196 4138 οῑῦὶο,
210 4073 289 4126 lbcc·
303 4070 589 4126 Senec·deC⁰n⁸¹³m·
636 4075 835 4146 commixtisque
856 4073 945 4145 digitis
971 4075 1083 4140 flexura,
1106 4089 1135 4127 et

101 4153 155 4223 sip.
173 4155 220 4208 18:
238 4151 381 4218 cichorea,
393 4151 513 4202 Tribuno
525 4148 593 4201 mili·
636 4155 755 4224 proxime
771 4152 799 4202 in
814 4153 957 4206 obscoenum
975 4155 1073 4207 nodum
1093 4173 1136 4207 ar-

101 4245 152 4286 tum
161 4253 244 4287 sermo
253 4251 308 4286 non
317 4251 366 4304 pro
375 4231 594 4300 munerat,ieu·
638 4233 754 4301 gratiores
764 4245 838 4298 sunt,
850 4249 930 4303 quam
941 4235 1073 4286 veriores?

942 4321 972 4390 5.
