<?xml version="1.0" encoding="UTF-8"?>
<!DOCTYPE html PUBLIC "-//W3C//DTD XHTML 1.0 Transitional//EN"
    "http://www.w3.org/TR/xhtml1/DTD/xhtml1-transitional.dtd">
<html xmlns="http://www.w3.org/1999/xhtml" xml:lang="en" lang="en">
 <head>
  <title>
</title>
<meta http-equiv="Content-Type" content="text/html;charset=utf-8" />
  <meta name='ocr-system' content='tesseract 3.04.00' />
  <meta name='ocr-capabilities' content='ocr_page ocr_carea ocr_par ocr_line ocrx_word'/>
</head>
<body>
  <div class='ocr_page' id='page_1' title='image "./csuetoniitranqu00suetgoog_0449.png"; bbox 0 0 3076 5146; ppageno 0'>
   <div class='ocr_carea' id='block_1_1' title="bbox 482 539 1162 629">
    <p class='ocr_par' dir='ltr' id='par_1_1' title="bbox 482 539 1162 629">
     <span class='ocr_line' id='line_1_1' title="bbox 482 539 1162 629; baseline 0.013 -24"><span class='ocrx_word' id='word_1_1' title='bbox 482 539 806 608; x_wconf 69' lang='lat' dir='ltr'>contrusus.</span> <span class='ocrx_word' id='word_1_2' title='bbox 1101 553 1162 629; x_wconf 73' lang='lat'>411</span> 
     </span>
    </p>
   </div>
   <div class='ocr_carea' id='block_1_2' title="bbox 70 666 1172 2537">
    <p class='ocr_par' dir='ltr' id='par_1_2' title="bbox 70 666 1172 2537">
     <span class='ocr_line' id='line_1_2' title="bbox 114 666 1172 766; baseline 0.012 -34"><span class='ocrx_word' id='word_1_3' title='bbox 114 690 218 761; x_wconf 85' lang='lat' dir='ltr'>quam</span> <span class='ocrx_word' id='word_1_4' title='bbox 230 667 465 759; x_wconf 78' lang='lat' dir='ltr'>superstitiose</span> <span class='ocrx_word' id='word_1_5' title='bbox 478 666 627 750; x_wconf 83' lang='lat' dir='ltr'>colebat,</span> <span class='ocrx_word' id='word_1_6' title='bbox 640 670 820 736; x_wconf 91' lang='lat' dir='ltr'>somniavit</span> <span class='ocrx_word' id='word_1_7' title='bbox 831 670 993 740; x_wconf 85' lang='lat' dir='ltr'>excedere</span> <span class='ocrx_word' id='word_1_8' title='bbox 1005 678 1172 766; x_wconf 86' lang='lat' dir='ltr'>sacrario,</span> 
     </span>
     <span class='ocr_line' id='line_1_3' title="bbox 112 774 1168 873; baseline 0.01 -29"><span class='ocrx_word' id='word_1_9' title='bbox 112 792 313 867; x_wconf 74' lang='lat' dir='ltr'><strong>negantem,</strong></span> <span class='ocrx_word' id='word_1_10' title='bbox 325 774 415 844; x_wconf 86' lang='lat' dir='ltr'>ultre</span> <span class='ocrx_word' id='word_1_11' title='bbox 427 800 464 844; x_wconf 90' lang='lat' dir='ltr'>se</span> <span class='ocrx_word' id='word_1_12' title='bbox 475 780 564 845; x_wconf 90' lang='lat' dir='ltr'>tueri</span> <span class='ocrx_word' id='word_1_13' title='bbox 575 801 654 844; x_wconf 90' lang='lat' dir='ltr'>eum</span> <span class='ocrx_word' id='word_1_14' title='bbox 664 801 780 870; x_wconf 86' lang='lat' dir='ltr'>posse,</span> <span class='ocrx_word' id='word_1_15' title='bbox 794 778 885 873; x_wconf 91' lang='lat' dir='ltr'>quod</span> <span class='ocrx_word' id='word_1_16' title='bbox 897 799 1068 858; x_wconf 82' lang='lat' dir='ltr'>exarmata</span> <span class='ocrx_word' id='word_1_17' title='bbox 1079 803 1168 855; x_wconf 88' lang='lat' dir='ltr'>esset</span> 
     </span>
     <span class='ocr_line' id='line_1_4' title="bbox 111 886 1167 988; baseline 0.01 -36"><span class='ocrx_word' id='word_1_18' title='bbox 111 911 132 952; x_wconf 90' lang='lat' dir='ltr'>a</span> <span class='ocrx_word' id='word_1_19' title='bbox 145 890 242 954; x_wconf 83' lang='lat' dir='ltr'>Jove.</span> <span class='ocrx_word' id='word_1_20' title='bbox 262 886 363 954; x_wconf 85' lang='lat' dir='ltr'>Nulla</span> <span class='ocrx_word' id='word_1_21' title='bbox 377 903 492 954; x_wconf 84' lang='lat' dir='ltr'>tamen</span> <span class='ocrx_word' id='word_1_22' title='bbox 506 911 543 953; x_wconf 91' lang='lat' dir='ltr'>re</span> <span class='ocrx_word' id='word_1_23' title='bbox 557 888 698 979; x_wconf 81' lang='lat' dir='ltr'>perinde</span> <span class='ocrx_word' id='word_1_24' title='bbox 713 905 901 958; x_wconf 89' lang='lat' dir='ltr'>commotus</span> <span class='ocrx_word' id='word_1_25' title='bbox 916 908 982 976; x_wconf 86' lang='lat' dir='ltr'>est,</span> <span class='ocrx_word' id='word_1_26' title='bbox 1001 919 1103 988; x_wconf 85' lang='lat' dir='ltr'>quam</span> <span class='ocrx_word' id='word_1_27' title='bbox 1117 919 1167 963; x_wconf 87' lang='lat' dir='ltr'>re-</span> 
     </span>
     <span class='ocr_line' id='line_1_5' title="bbox 111 997 1166 1094; baseline 0.007 -26"><span class='ocrx_word' id='word_1_28' title='bbox 111 1022 242 1090; x_wconf 88' lang='lat' dir='ltr'>sponso</span> <span class='ocrx_word' id='word_1_29' title='bbox 256 1019 406 1094; x_wconf 85' lang='lat' dir='ltr'>casuque</span> <span class='ocrx_word' id='word_1_30' title='bbox 424 997 661 1067; x_wconf 73' lang='lat' dir='ltr'>Ascletarionis</span> <span class='ocrx_word' id='word_1_31' title='bbox 677 999 937 1070; x_wconf 78' lang='lat' dir='ltr'>mathematici⁸.</span> <span class='ocrx_word' id='word_1_32' title='bbox 957 1009 1056 1074; x_wconf 90' lang='lat' dir='ltr'>Hunc</span> <span class='ocrx_word' id='word_1_33' title='bbox 1074 1006 1166 1075; x_wconf 85' lang='lat' dir='ltr'>dela-</span> 
     </span>
     <span class='ocr_line' id='line_1_6' title="bbox 109 1108 1165 1206; baseline 0.006 -26"><span class='ocrx_word' id='word_1_34' title='bbox 109 1128 205 1193; x_wconf 89' lang='lat' dir='ltr'>tum,</span> <span class='ocrx_word' id='word_1_35' title='bbox 218 1135 283 1180; x_wconf 91' lang='lat' dir='ltr'>nec</span> <span class='ocrx_word' id='word_1_36' title='bbox 294 1111 494 1180; x_wconf 85' lang='lat' dir='ltr'>infitiantem</span> <span class='ocrx_word' id='word_1_37' title='bbox 502 1108 647 1204; x_wconf 87' lang='lat' dir='ltr'>jactasse</span> <span class='ocrx_word' id='word_1_38' title='bbox 660 1134 713 1194; x_wconf 91' lang='lat' dir='ltr'>se,</span> <span class='ocrx_word' id='word_1_39' title='bbox 726 1137 803 1206; x_wconf 88' lang='lat' dir='ltr'>quae</span> <span class='ocrx_word' id='word_1_40' title='bbox 813 1113 1016 1206; x_wconf 87' lang='lat' dir='ltr'>providisset</span> <span class='ocrx_word' id='word_1_41' title='bbox 1027 1141 1068 1184; x_wconf 86' lang='lat' dir='ltr'>ex</span> <span class='ocrx_word' id='word_1_42' title='bbox 1077 1131 1165 1200; x_wconf 83' lang='lat' dir='ltr'>arte,</span> 
     </span>
     <span class='ocr_line' id='line_1_7' title="bbox 110 1223 1165 1316; baseline 0.006 -27"><span class='ocrx_word' id='word_1_43' title='bbox 110 1223 303 1290; x_wconf 80' lang='lat' dir='ltr'>sciscitatus</span> <span class='ocrx_word' id='word_1_44' title='bbox 321 1237 389 1303; x_wconf 89' lang='lat' dir='ltr'>est,</span> <span class='ocrx_word' id='word_1_45' title='bbox 406 1224 481 1316; x_wconf 92' lang='lat' dir='ltr'>quis</span> <span class='ocrx_word' id='word_1_46' title='bbox 500 1223 612 1313; x_wconf 91' lang='lat' dir='ltr'>ipsum</span> <span class='ocrx_word' id='word_1_47' title='bbox 629 1238 781 1289; x_wconf 88' lang='lat' dir='ltr'>maneret</span> <span class='ocrx_word' id='word_1_48' title='bbox 799 1225 925 1290; x_wconf 85' lang='lat' dir='ltr'>exitus:</span> <span class='ocrx_word' id='word_1_49' title='bbox 946 1242 980 1293; x_wconf 89' lang='lat' dir='ltr'>et</span> <span class='ocrx_word' id='word_1_50' title='bbox 995 1224 1165 1295; x_wconf 82' lang='lat' dir='ltr'>affinnan·</span> 
     </span>
     <span class='ocr_line' id='line_1_8' title="bbox 110 1330 1166 1432; baseline 0.007 -34"><span class='ocrx_word' id='word_1_51' title='bbox 110 1347 200 1413; x_wconf 86' lang='lat' dir='ltr'>tem,</span> <span class='ocrx_word' id='word_1_52' title='bbox 216 1361 229 1392; x_wconf 71' lang='lat' dir='ltr'><strong><em>a</em></strong></span> <span class='ocrx_word' id='word_1_53' title='bbox 241 1331 330 1414; x_wconf 82' lang='lat' dir='ltr'>fore,</span> <span class='ocrx_word' id='word_1_54' title='bbox 342 1347 381 1421; x_wconf 86' lang='lat' dir='ltr'>ut</span> <span class='ocrx_word' id='word_1_55' title='bbox 389 1330 483 1398; x_wconf 90' lang='lat' dir='ltr'>brevi</span> <span class='ocrx_word' id='word_1_56' title='bbox 493 1330 699 1398; x_wconf 80' lang='lat' dir='ltr'>laceraretur</span> <span class='ocrx_word' id='word_1_57' title='bbox 712 1356 733 1396; x_wconf 90' lang='lat' dir='ltr'>a</span> <span class='ocrx_word' id='word_1_58' title='bbox 742 1331 898 1414; x_wconf 92' lang='lat' dir='ltr'>canibus,</span> <span class='ocrx_word' id='word_1_59' title='bbox 911 1364 925 1394; x_wconf 70' lang='lat' dir='ltr'>n</span> <span class='ocrx_word' id='word_1_60' title='bbox 941 1335 1082 1404; x_wconf 85' lang='lat' dir='ltr'>interfici</span> <span class='ocrx_word' id='word_1_61' title='bbox 1094 1340 1166 1432; x_wconf 87' lang='lat' dir='ltr'>qui·</span> 
     </span>
     <span class='ocr_line' id='line_1_9' title="bbox 111 1440 1165 1534; baseline 0.009 -26"><span class='ocrx_word' id='word_1_62' title='bbox 111 1440 193 1508; x_wconf 89' lang='lat' dir='ltr'>dem</span> <span class='ocrx_word' id='word_1_63' title='bbox 208 1444 281 1509; x_wconf 88' lang='lat' dir='ltr'>sine</span> <span class='ocrx_word' id='word_1_64' title='bbox 298 1465 410 1524; x_wconf 84' lang='lat' dir='ltr'>mora,</span> <span class='ocrx_word' id='word_1_65' title='bbox 428 1440 488 1510; x_wconf 91' lang='lat' dir='ltr'>sed</span> <span class='ocrx_word' id='word_1_66' title='bbox 503 1441 547 1509; x_wconf 89' lang='lat' dir='ltr'>ad</span> <span class='ocrx_word' id='word_1_67' title='bbox 566 1440 816 1534; x_wconf 78' lang='lat' dir='ltr'>coarguendam</span> <span class='ocrx_word' id='word_1_68' title='bbox 828 1446 1052 1516; x_wconf 84' lang='lat' dir='ltr'>temeritatem</span> <span class='ocrx_word' id='word_1_69' title='bbox 1064 1451 1165 1531; x_wconf 89' lang='lat' dir='ltr'>artis,</span> 
     </span>
     <span class='ocr_line' id='line_1_10' title="bbox 109 1547 1167 1650; baseline 0.007 -32"><span class='ocrx_word' id='word_1_70' title='bbox 109 1552 249 1644; x_wconf 89' lang='lat' dir='ltr'>sepeliri</span> <span class='ocrx_word' id='word_1_71' title='bbox 269 1547 665 1650; x_wconf 76' lang='lat' dir='ltr'>quoqueaccuratissime</span> <span class='ocrx_word' id='word_1_72' title='bbox 680 1556 868 1646; x_wconf 89' lang='lat' dir='ltr'>imperavit.</span> <span class='ocrx_word' id='word_1_73' title='bbox 881 1555 980 1640; x_wconf 93' lang='lat' dir='ltr'>Quod</span> <span class='ocrx_word' id='word_1_74' title='bbox 992 1581 1098 1650; x_wconf 88' lang='lat' dir='ltr'>quum</span> <span class='ocrx_word' id='word_1_75' title='bbox 1109 1558 1167 1625; x_wconf 86' lang='lat' dir='ltr'>lie-</span> 
     </span>
     <span class='ocr_line' id='line_1_11' title="bbox 111 1662 1166 1758; baseline 0.007 -29"><span class='ocrx_word' id='word_1_76' title='bbox 111 1679 181 1744; x_wconf 90' lang='lat' dir='ltr'>ret,</span> <span class='ocrx_word' id='word_1_77' title='bbox 198 1666 327 1748; x_wconf 88' lang='lat' dir='ltr'>evenit,</span> <span class='ocrx_word' id='word_1_78' title='bbox 341 1681 395 1745; x_wconf 92' lang='lat' dir='ltr'>ut,</span> <span class='ocrx_word' id='word_1_79' title='bbox 411 1667 587 1756; x_wconf 88' lang='lat' dir='ltr'>repentina</span> <span class='ocrx_word' id='word_1_80' title='bbox 600 1680 801 1756; x_wconf 85' lang='lat' dir='ltr'>tempestate</span> <span class='ocrx_word' id='word_1_81' title='bbox 815 1662 946 1758; x_wconf 86' lang='lat' dir='ltr'>dejecto</span> <span class='ocrx_word' id='word_1_82' title='bbox 959 1667 1096 1750; x_wconf 86' lang='lat' dir='ltr'>funere,</span> <span class='ocrx_word' id='word_1_83' title='bbox 1114 1692 1166 1736; x_wconf 89' lang='lat' dir='ltr'>se-</span> 
     </span>
     <span class='ocr_line' id='line_1_12' title="bbox 110 1773 1165 1871; baseline 0.005 -31"><span class='ocrx_word' id='word_1_84' title='bbox 110 1775 278 1842; x_wconf 90' lang='lat' dir='ltr'>miustum</span> <span class='ocrx_word' id='word_1_85' title='bbox 298 1773 441 1842; x_wconf 77' lang='lat' dir='ltr'>cadaver</span> <span class='ocrx_word' id='word_1_86' title='bbox 460 1773 691 1868; x_wconf 89' lang='lat' dir='ltr'>discerperent</span> <span class='ocrx_word' id='word_1_87' title='bbox 711 1799 828 1858; x_wconf 86' lang='lat' dir='ltr'>cenes,</span> <span class='ocrx_word' id='word_1_88' title='bbox 847 1775 951 1871; x_wconf 89' lang='lat' dir='ltr'>idque</span> <span class='ocrx_word' id='word_1_89' title='bbox 971 1780 1002 1844; x_wconf 92' lang='lat' dir='ltr'>ei</span> <span class='ocrx_word' id='word_1_90' title='bbox 1020 1781 1165 1845; x_wconf 88' lang='lat' dir='ltr'>coenanti</span> 
     </span>
     <span class='ocr_line' id='line_1_13' title="bbox 111 1888 1164 1982; baseline 0.007 -31"><span class='ocrx_word' id='word_1_91' title='bbox 111 1907 133 1951; x_wconf 87' lang='lat' dir='ltr'>a</span> <span class='ocrx_word' id='word_1_92' title='bbox 156 1888 262 1954; x_wconf 91' lang='lat' dir='ltr'>mimo</span> <span class='ocrx_word' id='word_1_93' title='bbox 283 1889 434 1969; x_wconf 83' lang='lat' dir='ltr'>Latino⁹,</span> <span class='ocrx_word' id='word_1_94' title='bbox 458 1889 516 1982; x_wconf 92' lang='lat' dir='ltr'>qui</span> <span class='ocrx_word' id='word_1_95' title='bbox 538 1891 733 1980; x_wconf 77' lang='lat' dir='ltr'>praeteriens</span> <span class='ocrx_word' id='word_1_96' title='bbox 753 1889 840 1955; x_wconf 81' lang='lat' dir='ltr'>forte</span> <span class='ocrx_word' id='word_1_97' title='bbox 862 1888 1164 1974; x_wconf 87' lang='lat' dir='ltr'>animadverterat,</span> 
     </span>
     <span class='ocr_line' id='line_1_14' title="bbox 112 1997 1164 2067; baseline 0.002 -3"><span class='ocrx_word' id='word_1_98' title='bbox 112 1997 202 2064; x_wconf 88' lang='lat' dir='ltr'>inter</span> <span class='ocrx_word' id='word_1_99' title='bbox 214 2013 342 2066; x_wconf 85' lang='lat' dir='ltr'>ceteras</span> <span class='ocrx_word' id='word_1_100' title='bbox 354 1997 421 2067; x_wconf 90' lang='lat' dir='ltr'>diei</span> <span class='ocrx_word' id='word_1_101' title='bbox 431 1997 563 2066; x_wconf 89' lang='lat' dir='ltr'>fabulas</span> <span class='ocrx_word' id='word_1_102' title='bbox 576 1999 768 2066; x_wconf 83' lang='lat' dir='ltr'>referretur.</span> <span class='ocrx_word' id='word_1_103' title='bbox 1162 2061 1164 2066; x_wconf 90' lang='lat'>.</span> 
     </span>
     <span class='ocr_line' id='line_1_15' title="bbox 70 2107 1164 2204; baseline 0.002 -30"><span class='ocrx_word' id='word_1_104' title='bbox 70 2189 73 2194; x_wconf 47' lang='lat'>.</span> <span class='ocrx_word' id='word_1_105' title='bbox 159 2112 249 2176; x_wconf 85' lang='lat' dir='ltr'>XVI.</span> <span class='ocrx_word' id='word_1_106' title='bbox 275 2108 384 2176; x_wconf 89' lang='lat' dir='ltr'>Pridie</span> <span class='ocrx_word' id='word_1_107' title='bbox 399 2134 502 2204; x_wconf 89' lang='lat' dir='ltr'>quam</span> <span class='ocrx_word' id='word_1_108' title='bbox 514 2111 660 2202; x_wconf 89' lang='lat' dir='ltr'>periret,</span> <span class='ocrx_word' id='word_1_109' title='bbox 677 2134 783 2204; x_wconf 90' lang='lat' dir='ltr'>quum</span> <span class='ocrx_word' id='word_1_110' title='bbox 798 2107 928 2177; x_wconf 89' lang='lat' dir='ltr'>oblatos</span> <span class='ocrx_word' id='word_1_111' title='bbox 943 2109 1078 2176; x_wconf 89' lang='lat' dir='ltr'>tuberes</span> <span class='ocrx_word' id='word_1_112' title='bbox 1093 2132 1164 2176; x_wconf 91' lang='lat' dir='ltr'>ser-</span> 
     </span>
     <span class='ocr_line' id='line_1_16' title="bbox 113 2217 1164 2315; baseline 0.003 -30"><span class='ocrx_word' id='word_1_113' title='bbox 113 2221 187 2286; x_wconf 84' lang='lat' dir='ltr'>vari</span> <span class='ocrx_word' id='word_1_114' title='bbox 201 2217 358 2312; x_wconf 87' lang='lat' dir='ltr'>jussisset</span> <span class='ocrx_word' id='word_1_115' title='bbox 371 2223 407 2287; x_wconf 91' lang='lat' dir='ltr'>in</span> <span class='ocrx_word' id='word_1_116' title='bbox 424 2225 622 2302; x_wconf 88' lang='lat' dir='ltr'>crastinum,</span> <span class='ocrx_word' id='word_1_117' title='bbox 640 2217 777 2315; x_wconf 88' lang='lat' dir='ltr'>adjecit,</span> <span class='ocrx_word' id='word_1_118' title='bbox 800 2252 813 2282; x_wconf 76' lang='lat' dir='ltr'><strong><em>a</em></strong></span> <span class='ocrx_word' id='word_1_119' title='bbox 827 2223 854 2289; x_wconf 92' lang='lat' dir='ltr'>si</span> <span class='ocrx_word' id='word_1_120' title='bbox 872 2217 974 2288; x_wconf 92' lang='lat' dir='ltr'>modo</span> <span class='ocrx_word' id='word_1_121' title='bbox 991 2223 1042 2288; x_wconf 91' lang='lat' dir='ltr'>uti</span> <span class='ocrx_word' id='word_1_122' title='bbox 1060 2219 1164 2289; x_wconf 87' lang='lat' dir='ltr'>licue-</span> 
     </span>
     <span class='ocr_line' id='line_1_17' title="bbox 112 2311 1164 2424; baseline 0.003 -29"><span class='ocrx_word' id='word_1_123' title='bbox 112 2332 159 2396; x_wconf 87' lang='lat' dir='ltr'>n&#39;t</span> <span class='ocrx_word' id='word_1_124' title='bbox 170 2357 177 2396; x_wconf 90' lang='lat'>:</span> <span class='ocrx_word' id='word_1_125' title='bbox 190 2362 204 2391; x_wconf 73' lang='lat' dir='ltr'>n</span> <span class='ocrx_word' id='word_1_126' title='bbox 225 2347 259 2398; x_wconf 90' lang='lat' dir='ltr'>ct</span> <span class='ocrx_word' id='word_1_127' title='bbox 273 2355 455 2400; x_wconf 88' lang='lat' dir='ltr'>conversus</span> <span class='ocrx_word' id='word_1_128' title='bbox 472 2331 515 2399; x_wconf 91' lang='lat' dir='ltr'>ad</span> <span class='ocrx_word' id='word_1_129' title='bbox 530 2335 701 2424; x_wconf 87' lang='lat' dir='ltr'>proximos</span> <span class='ocrx_word' id='word_1_130' title='bbox 714 2329 910 2414; x_wconf 88' lang='lat' dir='ltr'>affirmavit,</span> <span class='ocrx_word' id='word_1_131' title='bbox 930 2363 944 2392; x_wconf 74' lang='lat' dir='ltr'>u</span> <span class='ocrx_word' id='word_1_132' title='bbox 956 2333 1044 2414; x_wconf 86' lang='lat' dir='ltr'>fore,</span> <span class='ocrx_word' id='word_1_133' title='bbox 1059 2347 1098 2398; x_wconf 89' lang='lat' dir='ltr'>ut</span> <span class='ocrx_word' id='word_1_134' title='bbox 1112 2311 1164 2398; x_wconf 75' lang='lat' dir='ltr'>se-</span> 
     </span>
     <span class='ocr_line' id='line_1_18' title="bbox 114 2439 1164 2537; baseline 0 -29"><span class='ocrx_word' id='word_1_135' title='bbox 114 2443 233 2534; x_wconf 86' lang='lat' dir='ltr'>quenti</span> <span class='ocrx_word' id='word_1_136' title='bbox 253 2439 306 2508; x_wconf 89' lang='lat' dir='ltr'>die</span> <span class='ocrx_word' id='word_1_137' title='bbox 330 2446 426 2509; x_wconf 91' lang='lat' dir='ltr'>Luna</span> <span class='ocrx_word' id='word_1_138' title='bbox 451 2466 487 2510; x_wconf 91' lang='lat' dir='ltr'>se</span> <span class='ocrx_word' id='word_1_139' title='bbox 512 2445 547 2508; x_wconf 91' lang='lat' dir='ltr'>in</span> <span class='ocrx_word' id='word_1_140' title='bbox 570 2445 717 2537; x_wconf 82' lang='lat' dir='ltr'>Aquario</span> <span class='ocrx_word' id='word_1_141' title='bbox 740 2458 949 2524; x_wconf 87' lang='lat' dir='ltr'>cruentaret,</span> <span class='ocrx_word' id='word_1_142' title='bbox 969 2442 1164 2535; x_wconf 74' lang='lat' dir='ltr'>factumque</span> 
     </span>
    </p>
   </div>
   <div class='ocr_carea' id='block_1_3' title="bbox 90 2549 1257 3202">
    <p class='ocr_par' dir='ltr' id='par_1_3' title="bbox 90 2549 1257 3202">
     <span class='ocr_line' id='line_1_19' title="bbox 112 2549 1164 2648; baseline 0.001 -28"><span class='ocrx_word' id='word_1_143' title='bbox 112 2549 252 2648; x_wconf 76' lang='lat' dir='ltr'>aliquod</span> <span class='ocrx_word' id='word_1_144' title='bbox 268 2557 457 2637; x_wconf 82' lang='lat' dir='ltr'>exsisteret,</span> <span class='ocrx_word' id='word_1_145' title='bbox 473 2553 598 2648; x_wconf 89' lang='lat' dir='ltr'>dequo</span> <span class='ocrx_word' id='word_1_146' title='bbox 615 2553 835 2648; x_wconf 89' lang='lat' dir='ltr'>loquerentur</span> <span class='ocrx_word' id='word_1_147' title='bbox 849 2553 1003 2621; x_wconf 92' lang='lat' dir='ltr'>homines</span> <span class='ocrx_word' id='word_1_148' title='bbox 1019 2577 1080 2645; x_wconf 89' lang='lat' dir='ltr'>per</span> <span class='ocrx_word' id='word_1_149' title='bbox 1097 2569 1164 2621; x_wconf 84' lang='lat' dir='ltr'>ter-</span> 
     </span>
     <span class='ocr_line' id='line_1_20' title="bbox 90 2663 1257 2756; baseline -0.001 -25"><span class='ocrx_word' id='word_1_150' title='bbox 90 2688 230 2756; x_wconf 52' lang='lat' dir='ltr'>„rarum</span> <span class='ocrx_word' id='word_1_151' title='bbox 243 2664 394 2732; x_wconf 80' lang='lat' dir='ltr'>orbem.»</span> <span class='ocrx_word' id='word_1_152' title='bbox 413 2663 463 2731; x_wconf 87' lang='lat' dir='ltr'>Ad</span> <span class='ocrx_word' id='word_1_153' title='bbox 477 2664 623 2732; x_wconf 90' lang='lat' dir='ltr'>mediam</span> <span class='ocrx_word' id='word_1_154' title='bbox 637 2679 771 2731; x_wconf 93' lang='lat' dir='ltr'>noctem</span> <span class='ocrx_word' id='word_1_155' title='bbox 786 2667 832 2731; x_wconf 85' lang='lat' dir='ltr'>ita</span> <span class='ocrx_word' id='word_1_156' title='bbox 846 2680 898 2731; x_wconf 89' lang='lat' dir='ltr'>est</span> <span class='ocrx_word' id='word_1_157' title='bbox 914 2666 1109 2745; x_wconf 85' lang='lat' dir='ltr'>exterritus,</span> <span class='ocrx_word' id='word_1_158' title='bbox 1125 2681 1164 2731; x_wconf 92' lang='lat' dir='ltr'>ut</span> <span class='ocrx_word' id='word_1_159' title='bbox 1254 2683 1257 2688; x_wconf 85' lang='lat'>·</span> 
     </span>
     <span class='ocr_line' id='line_1_21' title="bbox 113 2774 1165 2869; baseline -0.002 -27"><span class='ocrx_word' id='word_1_160' title='bbox 113 2798 155 2842; x_wconf 89' lang='lat' dir='ltr'>ex</span> <span class='ocrx_word' id='word_1_161' title='bbox 170 2791 274 2843; x_wconf 88' lang='lat' dir='ltr'>strato</span> <span class='ocrx_word' id='word_1_162' title='bbox 285 2776 466 2869; x_wconf 89' lang='lat' dir='ltr'>prosiliret.</span> <span class='ocrx_word' id='word_1_163' title='bbox 481 2775 609 2844; x_wconf 90' lang='lat' dir='ltr'>Dehinc</span> <span class='ocrx_word' id='word_1_164' title='bbox 621 2800 719 2842; x_wconf 88' lang='lat' dir='ltr'>mane</span> <span class='ocrx_word' id='word_1_165' title='bbox 731 2774 962 2868; x_wconf 88' lang='lat' dir='ltr'>haruspicem,</span> <span class='ocrx_word' id='word_1_166' title='bbox 976 2797 1017 2841; x_wconf 88' lang='lat' dir='ltr'>ex</span> <span class='ocrx_word' id='word_1_167' title='bbox 1030 2777 1165 2841; x_wconf 85' lang='lat' dir='ltr'>Germa-</span> 
     </span>
     <span class='ocr_line' id='line_1_22' title="bbox 112 2885 1165 2982; baseline 0.001 -29"><span class='ocrx_word' id='word_1_168' title='bbox 112 2889 170 2953; x_wconf 86' lang='lat' dir='ltr'>nia</span> <span class='ocrx_word' id='word_1_169' title='bbox 178 2888 321 2955; x_wconf 91' lang='lat' dir='ltr'>missum</span> <span class='ocrx_word' id='word_1_170' title='bbox 331 2897 354 2971; x_wconf 89' lang='lat'>¹,</span> <span class='ocrx_word' id='word_1_171' title='bbox 367 2890 425 2982; x_wconf 92' lang='lat' dir='ltr'>qui</span> <span class='ocrx_word' id='word_1_172' title='bbox 437 2886 612 2956; x_wconf 91' lang='lat' dir='ltr'>consultus</span> <span class='ocrx_word' id='word_1_173' title='bbox 622 2885 664 2954; x_wconf 91' lang='lat' dir='ltr'>de</span> <span class='ocrx_word' id='word_1_174' title='bbox 676 2887 809 2978; x_wconf 80' lang='lat' dir='ltr'>fulgure</span> <span class='ocrx_word' id='word_1_175' title='bbox 819 2889 1040 2955; x_wconf 86' lang='lat' dir='ltr'>mutationem</span> <span class='ocrx_word' id='word_1_176' title='bbox 1050 2909 1165 2954; x_wconf 88' lang='lat' dir='ltr'>rerum</span> 
     </span>
     <span class='ocr_line' id='line_1_23' title="bbox 113 2993 1164 3091; baseline -0.001 -28"><span class='ocrx_word' id='word_1_177' title='bbox 113 2995 333 3087; x_wconf 71' lang='lat' dir='ltr'>predixerat,</span> <span class='ocrx_word' id='word_1_178' title='bbox 343 2995 449 3064; x_wconf 88' lang='lat' dir='ltr'>audiit</span> <span class='ocrx_word' id='word_1_179' title='bbox 460 2997 773 3091; x_wconf 88' lang='lat' dir='ltr'>condemnavitque.</span> <span class='ocrx_word' id='word_1_180' title='bbox 787 3001 834 3062; x_wconf 83' lang='lat' dir='ltr'>Ac</span> <span class='ocrx_word' id='word_1_181' title='bbox 846 2993 929 3062; x_wconf 91' lang='lat' dir='ltr'>dum</span> <span class='ocrx_word' id='word_1_182' title='bbox 938 2994 1164 3063; x_wconf 81' lang='lat' dir='ltr'>exulceratam</span> 
     </span>
     <span class='ocr_line' id='line_1_24' title="bbox 113 3107 1164 3202; baseline -0.002 -26"><span class='ocrx_word' id='word_1_183' title='bbox 113 3111 148 3175; x_wconf 92' lang='lat' dir='ltr'>in</span> <span class='ocrx_word' id='word_1_184' title='bbox 164 3107 275 3177; x_wconf 84' lang='lat' dir='ltr'>fronte</span> <span class='ocrx_word' id='word_1_185' title='bbox 290 3133 465 3178; x_wconf 88' lang='lat' dir='ltr'>verrucam</span> <span class='ocrx_word' id='word_1_186' title='bbox 482 3111 716 3180; x_wconf 88' lang='lat' dir='ltr'>vehementius</span> <span class='ocrx_word' id='word_1_187' title='bbox 731 3108 868 3201; x_wconf 89' lang='lat' dir='ltr'>scalpit,</span> <span class='ocrx_word' id='word_1_188' title='bbox 883 3107 1072 3202; x_wconf 88' lang='lat' dir='ltr'>profluente</span> <span class='ocrx_word' id='word_1_189' title='bbox 1087 3131 1164 3174; x_wconf 89' lang='lat' dir='ltr'>san·</span> 
     </span>
    </p>
   </div>
   <div class='ocr_carea' id='block_1_4' title="bbox 112 3293 1165 4321">
    <p class='ocr_par' dir='ltr' id='par_1_4' title="bbox 112 3293 1165 4321">
     <span class='ocr_line' id='line_1_25' title="bbox 149 3293 1164 3365; baseline -0.003 -18"><span class='ocrx_word' id='word_1_190' title='bbox 149 3295 175 3347; x_wconf 87' lang='lat'>8.</span> <span class='ocrx_word' id='word_1_191' title='bbox 193 3296 351 3365; x_wconf 76' lang='lat' dir='ltr'>Respecto...</span> <span class='ocrx_word' id='word_1_192' title='bbox 364 3297 547 3351; x_wconf 80' lang='lat' dir='ltr'>Ascletarionis</span> <span class='ocrx_word' id='word_1_193' title='bbox 557 3316 616 3350; x_wconf 84' lang='lat' dir='ltr'>mo·</span> <span class='ocrx_word' id='word_1_194' title='bbox 662 3297 725 3348; x_wconf 84' lang='lat' dir='ltr'>sisse</span> <span class='ocrx_word' id='word_1_195' title='bbox 739 3294 853 3347; x_wconf 82' lang='lat' dir='ltr'>cadaver</span> <span class='ocrx_word' id='word_1_196' title='bbox 868 3297 895 3345; x_wconf 90' lang='lat' dir='ltr'>in</span> <span class='ocrx_word' id='word_1_197' title='bbox 912 3312 995 3363; x_wconf 73' lang='lat' dir='ltr'>rogo,</span> <span class='ocrx_word' id='word_1_198' title='bbox 1014 3293 1122 3358; x_wconf 90' lang='lat' dir='ltr'>dicunt,</span> <span class='ocrx_word' id='word_1_199' title='bbox 1136 3293 1164 3344; x_wconf 85' lang='lat' dir='ltr'>id</span> 
     </span>
     <span class='ocr_line' id='line_1_26' title="bbox 113 3370 1165 3448; baseline -0.003 -22"><span class='ocrx_word' id='word_1_200' title='bbox 113 3373 256 3426; x_wconf 71' lang='lat' dir='ltr'>rtemann.</span> <span class='ocrx_word' id='word_1_201' title='bbox 269 3375 492 3448; x_wconf 79' lang='lat' dir='ltr'>Cl.Xipl1il.cap.</span> <span class='ocrx_word' id='word_1_202' title='bbox 508 3378 551 3429; x_wconf 89' lang='lat' dir='ltr'>cit.</span> <span class='ocrx_word' id='word_1_203' title='bbox 565 3377 616 3427; x_wconf 86' lang='lat' dir='ltr'>Pro</span> <span class='ocrx_word' id='word_1_204' title='bbox 649 3372 735 3448; x_wconf 21' lang='lat' dir='ltr'>&#39;haud</span> <span class='ocrx_word' id='word_1_205' title='bbox 750 3375 813 3426; x_wconf 82' lang='lat' dir='ltr'>satis</span> <span class='ocrx_word' id='word_1_206' title='bbox 832 3391 910 3444; x_wconf 73' lang='lat' dir='ltr'>greve</span> <span class='ocrx_word' id='word_1_207' title='bbox 925 3372 1044 3425; x_wconf 83' lang='lat' dir='ltr'>existimo</span> <span class='ocrx_word' id='word_1_208' title='bbox 1060 3370 1095 3423; x_wconf 86' lang='lat' dir='ltr'>ad</span> <span class='ocrx_word' id='word_1_209' title='bbox 1109 3384 1165 3423; x_wconf 81' lang='lat' dir='ltr'>tex·</span> 
     </span>
     <span class='ocr_line' id='line_1_27' title="bbox 112 3453 1083 3528; baseline -0.004 -21"><span class='ocrx_word' id='word_1_210' title='bbox 112 3455 326 3526; x_wconf 80' lang='lat' dir='ltr'>dejectofunere,</span> <span class='ocrx_word' id='word_1_211' title='bbox 338 3455 511 3528; x_wconf 87' lang='lat' dir='ltr'>Oudendorp.</span> <span class='ocrx_word' id='word_1_212' title='bbox 524 3455 617 3508; x_wconf 81' lang='lat' dir='ltr'>suadet</span> <span class='ocrx_word' id='word_1_213' title='bbox 661 3467 716 3507; x_wconf 86' lang='lat' dir='ltr'>tum</span> <span class='ocrx_word' id='word_1_214' title='bbox 730 3457 785 3508; x_wconf 82' lang='lat' dir='ltr'>sine</span> <span class='ocrx_word' id='word_1_215' title='bbox 796 3453 869 3508; x_wconf 88' lang='lat' dir='ltr'>libris</span> <span class='ocrx_word' id='word_1_216' title='bbox 881 3453 1083 3507; x_wconf 86' lang='lat' dir='ltr'>immutandum.</span> 
     </span>
     <span class='ocr_line' id='line_1_28' title="bbox 112 3533 1165 3606; baseline 0.004 -21"><span class='ocrx_word' id='word_1_217' title='bbox 112 3533 231 3606; x_wconf 78' lang='lat' dir='ltr'>disjecto‚·</span> <span class='ocrx_word' id='word_1_218' title='bbox 248 3535 326 3588; x_wconf 86' lang='lat' dir='ltr'>malle</span> <span class='ocrx_word' id='word_1_219' title='bbox 342 3549 429 3588; x_wconf 82' lang='lat' dir='ltr'>temen</span> <span class='ocrx_word' id='word_1_220' title='bbox 447 3555 474 3588; x_wconf 83' lang='lat' dir='ltr'>se</span> <span class='ocrx_word' id='word_1_221' title='bbox 491 3533 617 3606; x_wconf 85' lang='lat' dir='ltr'>amplecti</span> <span class='ocrx_word' id='word_1_222' title='bbox 696 3553 721 3606; x_wconf 88' lang='lat'>9.</span> <span class='ocrx_word' id='word_1_223' title='bbox 741 3536 767 3587; x_wconf 88' lang='lat' dir='ltr'><em>A</em></span> <span class='ocrx_word' id='word_1_224' title='bbox 780 3537 861 3588; x_wconf 88' lang='lat' dir='ltr'>mimo</span> <span class='ocrx_word' id='word_1_225' title='bbox 875 3537 978 3589; x_wconf 70' lang='lat' dir='ltr'>latino.</span> <span class='ocrx_word' id='word_1_226' title='bbox 994 3537 1042 3587; x_wconf 83' lang='lat' dir='ltr'>llic</span> <span class='ocrx_word' id='word_1_227' title='bbox 1057 3536 1165 3589; x_wconf 72' lang='lat' dir='ltr'>latinus</span> 
     </span>
     <span class='ocr_line' id='line_1_29' title="bbox 112 3608 1165 3687; baseline 0.002 -23"><span class='ocrx_word' id='word_1_228' title='bbox 112 3608 211 3666; x_wconf 81' lang='lat' dir='ltr'>letetur</span> <span class='ocrx_word' id='word_1_229' title='bbox 219 3615 332 3669; x_wconf 81' lang='lat' dir='ltr'>Ernestii</span> <span class='ocrx_word' id='word_1_230' title='bbox 345 3618 511 3686; x_wconf 88' lang='lat' dir='ltr'>conjecturas</span> <span class='ocrx_word' id='word_1_231' title='bbox 524 3615 617 3667; x_wconf 82' lang='lat' dir='ltr'>dercli·</span> <span class='ocrx_word' id='word_1_232' title='bbox 660 3615 768 3685; x_wconf 83' lang='lat' dir='ltr'>(nomen</span> <span class='ocrx_word' id='word_1_233' title='bbox 779 3619 848 3668; x_wconf 88' lang='lat' dir='ltr'>enim</span> <span class='ocrx_word' id='word_1_234' title='bbox 860 3630 899 3667; x_wconf 89' lang='lat' dir='ltr'>est</span> <span class='ocrx_word' id='word_1_235' title='bbox 909 3615 991 3687; x_wconf 77' lang='lat' dir='ltr'>minti)</span> <span class='ocrx_word' id='word_1_236' title='bbox 1003 3630 1165 3668; x_wconf 83' lang='lat' dir='ltr'>memoretur</span> 
     </span>
     <span class='ocr_line' id='line_1_30' title="bbox 112 3693 1162 3768; baseline 0.003 -24"><span class='ocrx_word' id='word_1_237' title='bbox 112 3702 154 3745; x_wconf 78' lang='lat' dir='ltr'>eto</span> <span class='ocrx_word' id='word_1_238' title='bbox 165 3693 207 3746; x_wconf 82' lang='lat' dir='ltr'>vel</span> <span class='ocrx_word' id='word_1_239' title='bbox 218 3698 307 3765; x_wconf 86' lang='lat' dir='ltr'>potins</span> <span class='ocrx_word' id='word_1_240' title='bbox 317 3696 429 3760; x_wconf 85' lang='lat' dir='ltr'>deserto,</span> <span class='ocrx_word' id='word_1_241' title='bbox 443 3693 515 3768; x_wconf 88' lang='lat' dir='ltr'>quod</span> <span class='ocrx_word' id='word_1_242' title='bbox 525 3713 615 3746; x_wconf 79' lang='lat' dir='ltr'>verum</span> <span class='ocrx_word' id='word_1_243' title='bbox 661 3695 783 3747; x_wconf 85' lang='lat' dir='ltr'>Juvenal.</span> <span class='ocrx_word' id='word_1_244' title='bbox 799 3695 852 3748; x_wconf 80' lang='lat' dir='ltr'>Sat.</span> <span class='ocrx_word' id='word_1_245' title='bbox 868 3698 895 3761; x_wconf 90' lang='lat' dir='ltr'>l,</span> <span class='ocrx_word' id='word_1_246' title='bbox 910 3695 944 3748; x_wconf 83' lang='lat'>36</span> <span class='ocrx_word' id='word_1_247' title='bbox 962 3695 1010 3765; x_wconf 85' lang='lat' dir='ltr'>(cf.</span> <span class='ocrx_word' id='word_1_248' title='bbox 1026 3695 1114 3750; x_wconf 78' lang='lat' dir='ltr'>schot.</span> <span class='ocrx_word' id='word_1_249' title='bbox 1129 3693 1162 3748; x_wconf 81' lang='lat' dir='ltr'>sd</span> 
     </span>
     <span class='ocr_line' id='line_1_31' title="bbox 112 3773 1163 3847; baseline 0.004 -25"><span class='ocrx_word' id='word_1_250' title='bbox 112 3785 212 3824; x_wconf 67' lang='lat' dir='ltr'>motet.</span> <span class='ocrx_word' id='word_1_251' title='bbox 219 3776 330 3834; x_wconf 82' lang='lat' dir='ltr'>Verum,</span> <span class='ocrx_word' id='word_1_252' title='bbox 341 3793 421 3844; x_wconf 86' lang='lat' dir='ltr'>quum</span> <span class='ocrx_word' id='word_1_253' title='bbox 426 3774 512 3845; x_wconf 72' lang='lat' dir='ltr'>funus</span> <span class='ocrx_word' id='word_1_254' title='bbox 522 3775 616 3844; x_wconf 80' lang='lat' dir='ltr'>sapius</span> <span class='ocrx_word' id='word_1_255' title='bbox 660 3776 714 3828; x_wconf 86' lang='lat' dir='ltr'>Sat.</span> <span class='ocrx_word' id='word_1_256' title='bbox 727 3777 770 3842; x_wconf 87' lang='lat' dir='ltr'>IV,</span> <span class='ocrx_word' id='word_1_257' title='bbox 783 3776 844 3847; x_wconf 86' lang='lat'>53),</span> <span class='ocrx_word' id='word_1_258' title='bbox 856 3775 971 3828; x_wconf 80' lang='lat' dir='ltr'>Martial.</span> <span class='ocrx_word' id='word_1_259' title='bbox 986 3777 1074 3846; x_wconf 73' lang='lat' dir='ltr'>Epigr.</span> <span class='ocrx_word' id='word_1_260' title='bbox 1087 3779 1113 3840; x_wconf 92' lang='lat' dir='ltr'>l,</span> <span class='ocrx_word' id='word_1_261' title='bbox 1129 3773 1163 3840; x_wconf 83' lang='lat'>5,</span> 
     </span>
     <span class='ocr_line' id='line_1_32' title="bbox 112 3848 1162 3926; baseline 0.004 -24"><span class='ocrx_word' id='word_1_262' title='bbox 112 3848 393 3904; x_wconf 83' lang='lat' dir='ltr'>(liceturdecndavere</span> <span class='ocrx_word' id='word_1_263' title='bbox 403 3852 480 3904; x_wconf 82' lang='lat' dir='ltr'>simul</span> <span class='ocrx_word' id='word_1_264' title='bbox 488 3872 548 3904; x_wconf 87' lang='lat' dir='ltr'>curn</span> <span class='ocrx_word' id='word_1_265' title='bbox 557 3866 614 3904; x_wconf 88' lang='lat' dir='ltr'>toto</span> <span class='ocrx_word' id='word_1_266' title='bbox 662 3868 688 3906; x_wconf 88' lang='lat' dir='ltr'>et</span> <span class='ocrx_word' id='word_1_267' title='bbox 697 3851 747 3921; x_wconf 83' lang='lat' dir='ltr'>1x,</span> <span class='ocrx_word' id='word_1_268' title='bbox 763 3872 811 3924; x_wconf 84' lang='lat'>29,</span> <span class='ocrx_word' id='word_1_269' title='bbox 823 3853 869 3907; x_wconf 88' lang='lat' dir='ltr'>nbi</span> <span class='ocrx_word' id='word_1_270' title='bbox 881 3857 939 3925; x_wconf 81' lang='lat' dir='ltr'>ejus</span> <span class='ocrx_word' id='word_1_271' title='bbox 949 3853 1112 3926; x_wconf 84' lang='lat' dir='ltr'>epitaphium</span> <span class='ocrx_word' id='word_1_272' title='bbox 1122 3853 1162 3906; x_wconf 86' lang='lat' dir='ltr'>le-</span> 
     </span>
     <span class='ocr_line' id='line_1_33' title="bbox 113 3931 740 4004; baseline 0.002 -19"><span class='ocrx_word' id='word_1_273' title='bbox 113 3945 243 4003; x_wconf 81' lang='lat' dir='ltr'>apparetu</span> <span class='ocrx_word' id='word_1_274' title='bbox 258 3932 378 3992; x_wconf 82' lang='lat' dir='ltr'>funebri,</span> <span class='ocrx_word' id='word_1_275' title='bbox 394 3931 446 3984; x_wconf 86' lang='lat' dir='ltr'>boc</span> <span class='ocrx_word' id='word_1_276' title='bbox 462 3933 541 3982; x_wconf 85' lang='lat' dir='ltr'>etiam</span> <span class='ocrx_word' id='word_1_277' title='bbox 553 3932 615 3983; x_wconf 92' lang='lat' dir='ltr'>loco</span> <span class='ocrx_word' id='word_1_278' title='bbox 660 3937 740 4004; x_wconf 75' lang='lat' dir='ltr'>gitur.</span> 
     </span>
     <span class='ocr_line' id='line_1_34' title="bbox 113 4010 1160 4084; baseline -0.002 -20"><span class='ocrx_word' id='word_1_279' title='bbox 113 4030 207 4084; x_wconf 67' lang='lat' dir='ltr'>rogum</span> <span class='ocrx_word' id='word_1_280' title='bbox 215 4010 362 4063; x_wconf 83' lang='lat' dir='ltr'>sitonicum</span> <span class='ocrx_word' id='word_1_281' title='bbox 373 4010 513 4075; x_wconf 80' lang='lat' dir='ltr'>cadavere,</span> <span class='ocrx_word' id='word_1_282' title='bbox 524 4024 550 4062; x_wconf 85' lang='lat' dir='ltr'>et</span> <span class='ocrx_word' id='word_1_283' title='bbox 558 4030 615 4082; x_wconf 85' lang='lat' dir='ltr'>qnte</span> <span class='ocrx_word' id='word_1_284' title='bbox 694 4014 762 4064; x_wconf 86' lang='lat' dir='ltr'>XVl.</span> <span class='ocrx_word' id='word_1_285' title='bbox 786 4030 808 4064; x_wconf 85' lang='lat' dir='ltr'>r.</span> <span class='ocrx_word' id='word_1_286' title='bbox 827 4015 967 4065; x_wconf 74' lang='lat' dir='ltr'>Dehinc...</span> <span class='ocrx_word' id='word_1_287' title='bbox 983 4011 1160 4083; x_wconf 77' lang='lat' dir='ltr'>lramspt&#39;cem,</span> 
     </span>
     <span class='ocr_line' id='line_1_35' title="bbox 112 4088 1161 4162; baseline 0 -20"><span class='ocrx_word' id='word_1_288' title='bbox 112 4089 214 4162; x_wconf 75' lang='lat' dir='ltr'>relique</span> <span class='ocrx_word' id='word_1_289' title='bbox 225 4088 258 4142; x_wconf 86' lang='lat' dir='ltr'>ad</span> <span class='ocrx_word' id='word_1_290' title='bbox 270 4089 455 4142; x_wconf 83' lang='lat' dir='ltr'>instruendum</span> <span class='ocrx_word' id='word_1_291' title='bbox 466 4091 548 4142; x_wconf 83' lang='lat' dir='ltr'>funus</span> <span class='ocrx_word' id='word_1_292' title='bbox 559 4107 615 4159; x_wconf 83' lang='lat' dir='ltr'>per·</span> <span class='ocrx_word' id='word_1_293' title='bbox 659 4111 691 4144; x_wconf 84' lang='lat' dir='ltr'>ex</span> <span class='ocrx_word' id='word_1_294' title='bbox 706 4092 848 4145; x_wconf 80' lang='lat' dir='ltr'>Germania</span> <span class='ocrx_word' id='word_1_295' title='bbox 862 4095 984 4157; x_wconf 66' lang='lat' dir='ltr'>mutum,</span> <span class='ocrx_word' id='word_1_296' title='bbox 1002 4103 1052 4142; x_wconf 91' lang='lat' dir='ltr'>eto.</span> <span class='ocrx_word' id='word_1_297' title='bbox 1069 4091 1161 4160; x_wconf 74' lang='lat' dir='ltr'>Largi-</span> 
     </span>
     <span class='ocr_line' id='line_1_36' title="bbox 114 4166 1160 4240; baseline 0 -18"><span class='ocrx_word' id='word_1_298' title='bbox 114 4168 248 4234; x_wconf 75' lang='lat' dir='ltr'>tinebant,</span> <span class='ocrx_word' id='word_1_299' title='bbox 269 4166 405 4240; x_wconf 75' lang='lat' dir='ltr'>intelligo,</span> <span class='ocrx_word' id='word_1_300' title='bbox 426 4179 452 4220; x_wconf 88' lang='lat' dir='ltr'>et</span> <span class='ocrx_word' id='word_1_301' title='bbox 473 4169 614 4239; x_wconf 83' lang='lat' dir='ltr'>acquiesco</span> <span class='ocrx_word' id='word_1_302' title='bbox 660 4189 723 4222; x_wconf 89' lang='lat' dir='ltr'>num</span> <span class='ocrx_word' id='word_1_303' title='bbox 737 4170 879 4223; x_wconf 86' lang='lat' dir='ltr'>Proculum</span> <span class='ocrx_word' id='word_1_304' title='bbox 898 4169 963 4221; x_wconf 87' lang='lat' dir='ltr'>dicit</span> <span class='ocrx_word' id='word_1_305' title='bbox 980 4168 1080 4240; x_wconf 81' lang='lat' dir='ltr'>xiphit.</span> <span class='ocrx_word' id='word_1_306' title='bbox 1100 4187 1160 4240; x_wconf 79' lang='lat' dir='ltr'>cap.</span> 
     </span>
     <span class='ocr_line' id='line_1_37' title="bbox 114 4247 843 4321; baseline -0.001 -20"><span class='ocrx_word' id='word_1_307' title='bbox 114 4251 139 4301; x_wconf 84' lang='lat' dir='ltr'>in</span> <span class='ocrx_word' id='word_1_308' title='bbox 150 4247 266 4321; x_wconf 64' lang='lat' dir='ltr'>vulgate.</span> <span class='ocrx_word' id='word_1_309' title='bbox 277 4247 359 4316; x_wconf 87' lang='lat' dir='ltr'>Quod</span> <span class='ocrx_word' id='word_1_310' title='bbox 369 4251 438 4302; x_wconf 83' lang='lat' dir='ltr'>euim</span> <span class='ocrx_word' id='word_1_311' title='bbox 447 4248 531 4301; x_wconf 78' lang='lat' dir='ltr'>Greci</span> <span class='ocrx_word' id='word_1_312' title='bbox 543 4267 616 4301; x_wconf 78' lang='lat' dir='ltr'>meu·</span> <span class='ocrx_word' id='word_1_313' title='bbox 660 4252 705 4302; x_wconf 90' lang='lat' dir='ltr'>cit.</span> <span class='ocrx_word' id='word_1_314' title='bbox 719 4251 764 4301; x_wconf 88' lang='lat' dir='ltr'>ubi</span> <span class='ocrx_word' id='word_1_315' title='bbox 776 4249 843 4302; x_wconf 83' lang='lat' dir='ltr'>vide.</span> 
     </span>
    </p>
   </div>
   <div class='ocr_carea' id='block_1_5' title="bbox 0 0 1544 5146">
    <p class='ocr_par' dir='ltr' id='par_1_5' title="bbox 0 0 1544 5146">
     <span class='ocr_line' id='line_1_38' title="bbox 0 0 1544 5146; baseline 0 0"><span class='ocrx_word' id='word_1_316' title='bbox 0 0 1544 5146; x_wconf 95' lang='lat' dir='ltr'> </span> 
     </span>
    </p>
   </div>
  </div>
 </body>
</html>
