3048 5142
540 519 705 584 GALBA.
1079 523 1145 612 269

107 648 288 716 dexteriore
309 643 413 713 latere
431 643 525 738 ejus³
544 670 640 728 caro,
662 644 967 741 praependebatque
988 646 1089 731 adeo,
1108 666 1147 716 ut

106 783 189 851 egre
201 758 302 826 fuscia
314 755 610 849 substringeretur.

147 883 251 946 XXll.
276 877 349 945 Cibi
371 875 509 969 plurimi
529 877 687 972 traditur,
711 901 814 971 quem
834 894 984 970 tempore
1005 877 1145 948 hiberno

105 995 201 1060 etiam
219 988 297 1059 anie
312 990 440 1058 lucem¹
459 1015 577 1083 capere
596 1008 790 1059 consuerat:
810 995 898 1058 inter
916 1015 1046 1059 coenam
1066 1017 1145 1060 vero

105 1125 208 1196 usque
221 1125 261 1168 eo
272 1099 491 1183 abundantis,
506 1117 544 1166 ut
556 1115 730 1191 congestas
742 1123 845 1191 super
855 1122 975 1168 manus
988 1099 1144 1195 reliquias

105 1210 307 1281 circumferri
318 1208 468 1303 juberet,
486 1214 665 1306 spargique
681 1208 724 1276 ad
740 1209 843 1302 pedes
856 1211 1057 1278 stantibus2:
1073 1212 1146 1280 lihi-

133 1431 159 1482 3.
176 1432 251 1482 In...
268 1429 347 1482 latere
360 1433 427 1504 ejus,
441 1444 492 1483 etc.
508 1431 600 1483 Posset
645 1448 703 1481 uero
719 1447 774 1480 non
788 1429 927 1482 transitum
943 1431 1029 1482 facere
1041 1430 1074 1483 ad
1089 1450 1145 1484 rem

105 1507 191 1562 abesse
210 1513 280 1581 qur,
302 1509 421 1562 sednon
442 1528 491 1581 pro
512 1510 599 1580 glossa
644 1506 786 1573 diversam,
798 1507 846 1560 sed
859 1511 1029 1576 continuare,
1043 1509 1076 1562 de
1090 1530 1144 1582 quo

103 1587 278 1640 damnandum
291 1602 346 1639 erat
359 1588 391 1639 ab
404 1589 540 1654 Ernestio,
554 1590 600 1660 qui
643 1587 716 1658 prius
725 1587 812 1639 dicere
821 1601 937 1659 coeperat
947 1601 1047 1654 auctor,
1058 1603 1086 1642 ut
1097 1609 1144 1662 op-

103 1667 177 1719 tnodo
191 1670 334 1739 recepisset
349 1687 409 1739 cap.
429 1687 488 1740 sup.
508 1670 535 1720 iu
551 1689 598 1740 pa·
643 1677 727 1736 ponat
739 1667 823 1718 cibum
835 1678 896 1720 ente
906 1666 991 1720 lucem
1001 1681 1107 1742 captum
1117 1682 1145 1722 et

104 1757 200 1800 tronum
215 1768 305 1814 suum,
321 1747 368 1799 ubi
386 1746 461 1800 multi
475 1750 599 1802 omittunt
643 1765 759 1814 coenam,
778 1760 859 1817 atque
877 1748 1037 1820 respondeat
1055 1751 1142 1801 Germ.

102 1847 179 1879 mum.
198 1829 276 1881 Amat
294 1830 373 1880 etiam
392 1828 533 1881 Suetonius
551 1829 599 1881 ad-
642 1824 773 1876 vocabulo
784 1824 914 1888 vollends‚·
924 1825 951 1877 id
960 1826 1032 1899 quod
1041 1829 1144 1882 verissi-

103 1905 158 1959 dere
179 1920 275 1979 praeter
295 1909 476 1960 necessitatem
497 1927 598 1979 prono·
642 1920 714 1954 mum
728 1915 794 1975 puto
810 1917 836 1955 et
850 1903 1038 1958 adstruendum
1052 1907 1143 1958 Graeco

102 1989 174 2038 mina,
196 1988 260 2038 Mox
279 1988 400 2040 Emeetio
421 1986 597 2059 pmplacebat
642 1977 685 2042 di,
710 1983 783 2053 quod
803 1985 997 2035 continuationi
1017 1987 1144 2039 inservire

102 2063 173 2116 lectio
187 2064 332 2118 editionum
346 2067 524 2138 antiquiorum
535 2085 597 2137 pro·
641 2060 716 2114 solet.
729 2063 830 2113 Locum
844 2063 924 2131 igitur
936 2063 973 2115 ita
989 2067 1141 2119 constituite

99 2144 293 2218 pendebatque,
320 2158 412 2197 contra
438 2147 543 2196 Memm.
571 2158 597 2198 et
644 2138 723 2190 «Cibi
732 2138 838 2211 plurimi
850 2139 969 2192 traditur.
980 2141 1066 2208 Quem
1077 2157 1143 2194 tem.
1190 2143 1192 2148 '

102 2223 165 2276 MSS.
179 2225 235 2275 fere
249 2244 354 2292 ornnes,
369 2221 521 2276 exhibentes
531 2242 596 2294 ρων-
639 2237 705 2288 pore
717 2217 828 2269 hiberno
841 2220 918 2270 etiam
932 2232 992 2271 ante
1004 2219 1088 2273 iucem
1101 2242 1143 2274 ee·

100 2305 277 2374 pendebatque.
291 2303 434 2370 Nonnulli,
448 2307 495 2356 «in
508 2305 596 2356 dextro
640 2316 703 2367 pere
716 2309 871 2360 consuerat,
882 2299 951 2349 inter
962 2317 1064 2370 coenam
1077 2318 1141 2353 vero

101 2383 175 2434 latere
183 2384 240 2452 ejus
248 2383 338 2457 gibbus
345 2382 387 2435 vel
396 2401 467 2434 caro.
477 2406 488 2430 ι
498 2385 596 2435 Verum
641 2393 725 2446 usque
736 2393 767 2426 eo
777 2375 951 2427 abundantem
961 2376 1034 2447 (scil.
1045 2397 1142 2450 capere

101 2461 219 2514 dexterius
230 2460 297 2514 tants
307 2460 463 2512 servandum
473 2460 506 2512 ob
519 2480 596 2513 usum
641 2453 771 2523 solebat),
787 2465 816 2505 1¹1
833 2469 971 2524 congestat
986 2474 1067 2526 super
1085 2475 1141 2509 tna-

101 2541 244 2611 scriptorin‚
256 2554 281 2590 et
290 2541 379 2613 gibbus
388 2558 402 2591 e
412 2539 501 2610 glossa
513 2541 596 2592 iutro·
640 2552 690 2586 nur
705 2533 830 2603 reliquiar
843 2534 938 2585 circum
951 2534 1050 2604 referri
1059 2535 1141 2604 jube-

101 2619 263 2672 susvidetur.
640 2611 1138 2684 ret,spargiqueadpedesstantibus»

130 2699 207 2751 Xllll.
223 2716 244 2750 r.
256 2699 345 2750 Etiam
356 2710 416 2750 ante
426 2697 518 2751 lucem.
529 2697 595 2749 Cibo
640 2692 761 2762 (Dissert.
775 2711 835 2762 pag.
850 2691 912 2762 31),
927 2696 1053 2765 vertitque
1066 2714 1091 2765 p.
1106 2693 1140 2746 33

100 2780 255 2851 tempestivo,
271 2777 304 2830 tle
322 2797 375 2850 quo
390 2777 496 2830 vidend
512 2777 595 2848 Calig.
640 2771 744 2842 (lingua
764 2785 854 2824 nostra
872 2791 922 2843 pro
941 2773 1087 2824 Teutonico
1101 2776 1141 2826 uti

100 2858 147 2925 45,
161 2861 307 2932 opponitur
320 2878 400 2912 coena.
639 2851 749 2924 liccat):
775 2852 840 2902 ¹011
862 2851 901 2902 dit
923 2851 986 2923 qu'il
1009 2855 1141 2924 mangeait

131 2955 153 2990 a.
176 2937 259 3010 Usque
272 2957 302 2989 eo
316 2937 484 3002 abundantis,
497 2945 534 2986 ut.
543 2973 548 2984 .
641 2955 652 2978 ι
664 2930 814 3000 beaucoup,
823 2943 887 2983 eten
895 2929 1140 2984 hivermcmenvnnr

98 3017 223 3070 nantibus.
241 3018 351 3088 Scripsit
370 3014 535 3087 superbene
551 3013 593 3064 lo·
642 3010 686 3062 «lc
697 3014 768 3081 jour.
780 3001 859 3062 litant
873 3011 888 3059 a
900 3007 970 3059 table
983 3007 1001 3058 il
1014 3011 1140 3061 montrait

99 3115 169 3164 cnm,
180 3099 207 3148 in
218 3115 271 3168 quo
283 3092 469 3148 constituendo
481 3107 506 3146 et
516 3095 594 3144 iuter·
640 3103 717 3142 «tant
727 3089 866 3161 d'appritit,
878 3086 939 3158 qu'il
948 3106 975 3138 se
983 3088 1068 3138 fuissit
1078 3106 1139 3157 pas-

97 3173 593 3244 pretandonimialevitateversatisunt
640 3188 703 3220 «ser
722 3167 754 3220 de
770 3169 841 3218 main
861 3184 893 3216 eu
912 3166 983 3216 main
1001 3163 1039 3216 les
1056 3179 1138 3219 restes

98 3254 261 3326 interpretes,
282 3268 308 3306 et
323 3270 401 3324 quent
420 3266 448 3303 ut
466 3251 592 3324 despera·
640 3247 751 3298 «taisses
772 3265 823 3317 par
842 3244 945 3315 chaque
967 3246 1090 3311 convive,
1111 3259 1138 3298 et

96 3345 146 3384 turn
161 3323 317 3398 tranemiiir,
336 3351 350 3383 a
366 3350 418 3406 quo
438 3329 551 3402 plurima
567 3345 592 3382 et
640 3324 723 3396 cqu‘il
738 3325 775 3376 les
789 3323 914 3375 entassait
928 3333 1024 3373 auteur
1038 3321 1071 3374 de
1087 3324 1138 3391 lui,

97 3415 191 3484 optima
202 3409 528 3484 exspectasses,Wolfius,
539 3411 591 3462 sin·
639 3428 650 3456 s
662 3417 739 3455 avant
750 3402 784 3454 de
799 3401 836 3454 les
848 3399 1021 3453 abandonner
1032 3420 1084 3454 aux
1096 3422 1138 3455 es·

95 3487 592 3560 gularemdissertationemDavid.Cltri·
638 3482 754 3535 sclavus.
766 3505 777 3528 n
791 3482 878 3549 Quam
892 3480 972 3531 multa
985 3481 1011 3532 in
1030 3479 1079 3532 lrac
1096 3483 1137 3532 in·

95 3571 166 3620 stiau.
176 3569 285 3622 Grimm.
296 3571 357 3640 Lyc.
369 3570 533 3618 Annaemont.
545 3569 591 3617 lle·
635 3564 821 3634 terpretatione
833 3575 932 3614 mutata
943 3561 1058 3627 sint,vel
1066 3561 1135 3613 falso

95 3661 156 3716 ctor,
167 3651 237 3721 Lips.
254 3651 334 3720 1798,
349 3647 455 3699 doctam
469 3645 589 3717 quidem,
635 3640 749 3707 reddita,
762 3653 791 3695 ut
802 3659 877 3710 super
890 3659 997 3706 manus,
1010 3641 1084 3710 quasi
1100 3660 1136 3692 es·

95 3727 135 3778 sed
144 3727 176 3780 sd
185 3747 309 3780 nauseam
320 3729 374 3778 fere
382 3726 534 3791 verbosam,
543 3744 590 3776 cu·
634 3736 673 3772 set
680 3739 728 3792 per
735 3738 840 3784 munus,
852 3738 938 3790 neque
947 3721 1092 3790 pertineret
1100 3717 1135 3771 ad

92 3807 131 3873 jus
142 3797 327 3878 argumentum
339 3805 392 3858 huc
405 3803 481 3858 redit.
493 3806 589 3856 Osten·
633 3811 774 3873 conpertus,
787 3798 832 3850 secl
843 3799 877 3850 ad
888 3797 1064 3868 circumferri,
1076 3797 1133 3864 vel,

94 3885 140 3952 dit,
152 3886 274 3938 inaltero
286 3884 404 3937 membro
415 3903 469 3937 nou
480 3881 512 3934 de
523 3882 589 3933 libe·
633 3895 663 3932 ut
672 3881 714 3934 ille
724 3880 802 3952 legit,
813 3881 911 3932 circum
920 3878 1031 3948 referri,
1043 3892 1071 3929 ut
1081 3877 1133 3929 alia

95 3965 192 4019 relicere
218 3966 306 4040 aliqua
328 3966 418 4018 Galbae
441 3983 588 4017 sermonem
634 3955 1037 4030 taceam,quisquevidet.Non
1049 3959 1132 4028 magis

94 4063 159 4114 esse,
175 4065 253 4116 quam
272 4047 439 4098 somniarunt
456 4046 587 4114 interpre-
632 4039 757 4110 placent,
786 4057 843 4110 quae
869 4037 986 4088 Bremius
1010 4034 1132 4104 (Gallice

93 4138 142 4191 tes,
151 4125 199 4178 sed
212 4125 311 4190 adhuc,
322 4139 352 4177 ut
363 4127 389 4176 in
398 4125 494 4195 priori,
506 4123 588 4174 deni·
632 4119 754 4191 nempe):
768 4117 807 4168 cll
817 4117 892 4168 lesait
902 4133 991 4187 passer
1001 4115 1038 4165 les
1048 4127 1131 4166 restes

94 4204 139 4254 mia
149 4201 286 4268 edacitate,
300 4202 419 4272 adeoque
428 4199 585 4272 particulam
635 4198 688 4251 «de
699 4199 767 4250 main
779 4215 810 4248 en
822 4197 905 4264 main,
918 4207 943 4246 et
954 4194 991 4264 les
1002 4194 1076 4244 fesnit
1090 4191 1131 4243 di-
