3076 5146
266 507 322 572 ne
346 491 572 572 rccusru.
599 504 789 570 ouium.
817 505 971 570 creua.
1077 507 1139 588 431

123 655 182 700 rum
196 633 306 702 liberos
321 637 442 726 gratis,
459 650 494 700 et
512 636 585 700 sine
601 631 757 701 mercede
774 629 862 714 ulle,
879 630 1143 728 indisciplinam

120 750 266 840 receperit.

155 869 230 934 XIV.
252 870 391 934 Gonnus
403 871 503 934 Nrom
514 861 612 933 haesit
622 868 715 932 Gneo
728 865 888 956 Pompeio
900 880 933 932 et
943 867 1023 933 Caio
1035 871 1144 936 Mem·

118 977 185 1042 mio:
197 975 252 1044 sed
264 999 368 1070 quum
379 973 553 1044 codicillos
566 977 717 1044 Memmii
728 974 773 1042 ad
785 977 935 1067 Pompeii
947 997 1088 1046 uxorem
1101 979 1144 1048 dc

53 1096 54 1102 ’
117 1104 215 1179 stupro
229 1088 436 1181 pertulisset,
456 1087 611 1182 proditus
630 1085 673 1155 ab
691 1112 745 1171 ea,
764 1088 961 1179 Pompeium
983 1087 1143 1174 offendit,

51 1203 53 1280 ,
115 1196 262 1293 domoque
272 1203 302 1268 ei
313 1197 530 1267 interdictum
541 1213 602 1267 est.
618 1201 695 1266 Fuit
706 1214 740 1266 et
750 1199 857 1264 Murci
868 1197 1039 1267 Ciceronis
1051 1199 1145 1268 fami-

114 1305 207 1388 liaris3
224 1311 259 1377 in
273 1307 370 1403 cujus
389 1309 533 1410 epistole
548 1308 593 1377 ad
612 1307 838 1412 Dolabellam¹
860 1305 933 1376 haec
951 1307 994 1378 de
1010 1331 1050 1378 eo
1066 1309 1146 1403 legi-

113 1441 192 1484 mus:
214 1422 384 1489 «omnino
399 1420 482 1488 mihi
497 1419 603 1488 literae
621 1422 728 1512 magis
745 1431 826 1487 suut
844 1419 1042 1512 expetendae
1059 1447 1079 1488 a
1095 1438 1145 1506 te,

112 1551 228 1622 quauta
239 1555 296 1599 me
307 1532 377 1602 tibi.
390 1531 482 1600 Nihil
493 1534 586 1601 enim
597 1535 712 1601 Rome
725 1535 867 1625 geritur,
880 1529 973 1627 quod
984 1550 1017 1601 te
1028 1550 1145 1626 putem

112 1643 183 1710 scire
193 1667 324 1727 curere,
337 1647 402 1712 nisi
413 1643 500 1712 forte
512 1648 597 1713 scire
609 1647 674 1727 vis,
683 1665 738 1712 me
749 1646 838 1711 iuter
849 1645 979 1731 Niciam
989 1661 1146 1714 nostrum

110 1767 138 1817 et
155 1750 287 1821 Vidium
303 1750 455 1846 judicem
473 1777 557 1824 esse.
579 1756 710 1823 Profert
730 1752 830 1837 alter,
852 1757 991 1847 opinor,
1013 1750 1148 1824 duobus
1213 1765 1221 1780 “

109 1857 267 1932 versiculis
283 1887 471 1958 expensum
486 1868 606 1935 Niciae:
626 1864 713 1933 alter
724 1863 937 1932 Aristarchus
952 1861 1014 1933 hos
1030 1883 1147 1961 ὁβιλίζιί.

108 1973 168 2062 Ego
182 1987 345 2069 tanquam
362 1978 498 2046 criticus
516 1979 677 2073 antiquus
691 1972 906 2068 judicaturus
923 1997 1015 2055 sum,
1033 1993 1147 2045 utrum

108 2081 166 2179 siut
175 2104 220 2154 eet
234 2105 361 2174 coemat,
377 2109 422 2153 an
431 2099 705 2181 mpppeplnpiiocr
722 2091 808 2153 item
818 2082 862 2151 ad
875 2085 1055 2153 Atticum2:
1074 2115 1087 2146 a
1099 2091 1148 2154 De

108 2193 189 2260 Nicia
200 2195 294 2290 quod
304 2195 441 2280 scribis,
454 2200 483 2265 si
494 2199 541 2264 ita
553 2221 608 2265 mc
617 2193 777 2264 haberem
786 2195 848 2280 ,ut
856 2193 929 2289 ejus
941 2195 1150 2266 humanitate

106 2300 164 2370 frui
177 2328 327 2397 possem,
345 2309 382 2374 in
397 2309 515 2400 primis
531 2305 655 2376 vellem
669 2307 766 2375 illum
782 2329 916 2376 mecum
930 2307 1073 2391 hebere3
1090 2309 1150 2378 sed

106 2413 179 2482 mihi
194 2415 341 2484 solitudo
356 2433 389 2486 et
403 2441 556 2487 recessus
573 2421 747 2512 provincia
762 2431 831 2485 est:
850 2417 942 2513 quod
952 2417 1037 2512 [quia
1054 2415 1151 2486 facile

105 2524 229 2595 ferebat
249 2531 339 2613 Sica,
365 2551 405 2597 eo
428 2532 536 2622 magis
559 2529 657 2598 illum
679 2529 847 2598 desidero.
872 2533 1037 2598 Praeterea
1063 2533 1152 2598 nosti

106 2640 198 2708 Niciae
221 2644 328 2710 nosni
351 2643 632 2729 imbecillitatem,
656 2642 848 2726 mollitiem,
871 2639 1151 2734 consuetudinem

105 2753 219 2820 victus.
234 2755 302 2826 Cur
314 2777 396 2847 ergo
408 2755 458 2822 illi
471 2755 637 2826 molestus
653 2777 726 2825 esse
742 2754 859 2838 velim,
876 2773 983 2848 quum
997 2747 1078 2819 mihi
1095 2749 1152 2819 ilie

101 2857 269 2953 jucundus
278 2887 352 2934 esse
362 2887 432 2933 non
444 2870 572 2959 possit?
583 2866 749 2934 Voluntas
760 2879 874 2932 tamen
884 2859 956 2954 ejus
966 2859 1047 2928 milri
1055 2877 1152 2951 grata

104 2987 160 3039 est.
176 3005 189 3034 a
209 2973 320 3068 Hujus
332 2975 375 3044 de
387 2976 516 3045 Lucilio
527 2976 631 3045 libros
646 2979 747 3044 etiam
759 2975 859 3041 satire
873 2965 1079 3060 comprobat.

144 3098 217 3162 XV.
247 3101 402 3184 Leucus,
426 3101 576 3193 Pompeii
596 3099 712 3190 Magni
730 3094 887 3170 libertus,
910 3105 946 3156 et
964 3109 1060 3180 paene
1081 3113 1152 3154 om-

104 3207 195 3275 nium
215 3209 468 3303 expeditionum
492 3235 625 3296 comes,
648 3208 808 3277 defuncto
834 3227 874 3272 eo
894 3199 1038 3294 filiisque
1061 3197 1152 3292 ejus,

104 3315 216 3388 schola
235 3344 271 3388 se
289 3325 506 3392 sustentavit:
527 3321 710 3415 docuitque
728 3320 765 3383 in
779 3313 926 3390 Carinis,
944 3309 987 3378 ed
1008 3309 1153 3378 Telluris

103 3425 228 3516 aedem,
253 3432 289 3500 in
310 3455 377 3528 qua
397 3434 534 3524 regione
557 3431 795 3522 Pompeiorum
817 3421 939 3494 domus
961 3421 1089 3490 fuerat:
1113 3443 1154 3488 ac

103 3665 106 3688 ¹
136 3659 206 3711 XIV.
235 3678 258 3712 r.
284 3662 320 3713 1η
344 3665 417 3736 cajus
441 3661 551 3734 epistola
573 3661 609 3713 ad
652 3675 694 3730 ep.
709 3657 823 3723 DXLlV,
841 3675 888 3729 pro
901 3671 1006 3708 recessus
1018 3652 1154 3725 prouincia

103 3735 286 3808 Dolabellam,
307 3753 358 3793 etc.
378 3741 413 3794 ed
433 3743 533 3795 Divers.
555 3741 607 3807 IX,
652 3747 707 3805 est,
728 3737 837 3806 conjicit
857 3752 997 3788 «recessus
1016 3751 1064 3805 pro
1084 3731 1154 3783 victu

107 3835 146 3870 ro.
164 3848 201 3860 -
218 3819 387 3892 Expetettdte.
401 3821 482 3895 Apud
496 3821 607 3876 Cicero·
653 3829 730 3882 ett,n
748 3813 820 3888 quod
833 3819 888 3866 tion
905 3813 985 3867 credo
1000 3811 1153 3864 Ciceronem

103 3897 283 3970 nemlegitur:
299 3903 439 3956 «Omnino
450 3900 516 3954 mihi
525 3902 608 3972 magis
652 3911 728 3968 tequc
745 3899 834 3964 unimo
853 3892 959 3950 obtrudi
977 3889 1026 3944 sibi
1044 3905 1153 3978 pessum

102 3972 514 4053 literasuntexspecrandoeate,
528 3999 608 4053 quum
654 3993 712 4029 esse
731 3994 780 4048 pro
798 3975 871 4026 dicto
890 3985 984 4034 acuto,
1004 3986 1057 4038 quo
1073 3980 1153 4020 vitam

104 4075 120 4107 ²
131 4075 173 4111 me
184 4057 243 4111 tibi·
255 4083 266 4107 ι
654 4057 784 4120 otiosam,
795 4070 845 4126 pro
856 4049 1081 4104 administratione
1093 4047 1154 4097 llei-

139 4155 164 4190 2.
183 4139 253 4190 rum
272 4140 309 4192 ad
326 4139 457 4201 Atticum
479 4139 542 4203 Xll,
565 4137 607 4190 ati.
652 4128 1034 4206 publicarempotuminjuris
1046 4125 1153 4178 sibiitn-

105 4213 263 4285 Sthennium
281 4219 352 4292 tpud
371 4237 450 4291 quern
471 4230 512 4270 est
529 4217 560 4269 T.
575 4219 606 4270 V.
653 4219 783 4291 potitam,
796 4213 865 4267 salte
878 4209 954 4262 ridet.
