3048 5142
386 535 451 599 270
759 511 795 573 C.
822 509 1055 575 SUETONH

384 637 471 706 dinis
484 639 519 704 in
529 661 638 705 mares
649 634 849 731 pronionst,
860 653 893 704 et
907 661 979 718 eos,
992 641 1135 708 nonnisi
1149 638 1338 730 praeduros,
1352 663 1423 708 exo·

385 747 547 842 letosque.
566 746 744 830 Ferebent,
762 749 797 813 in
815 749 976 839 Hispania
993 746 1120 816 Icelum
1137 773 1156 815 e
1171 750 1339 816 veteribus
1351 773 1424 818 enu-

385 857 530 938 caninis,
549 856 590 924 de
603 859 744 924 Neronis
756 859 847 924 exitu
864 855 1118 940 nuncianum,
1135 881 1203 926 nnn
1220 859 1319 927 modo
1334 863 1425 927 artis·

385 971 481 1035 simis
498 965 622 1036 osculis
641 966 753 1059 palem
769 984 945 1059 exceptum
962 970 1004 1037 ab
1021 992 1078 1052 eo,
1097 967 1173 1052 sed,
1194 985 1231 1036 ut
1246 973 1319 1038 sine
1335 994 1425 1038 more

385 1077 576 1160 velleretur,
588 1095 734 1162 orntum,
745 1093 847 1172 utque
858 1077 1046 1148 seductum.

388 1279 525 1334 «stribuer
532 1283 634 1332 ensuite
643 1298 693 1332 nux
702 1280 827 1334 esclaves.
836 1280 885 1332 Ces
930 1281 1059 1348 valerent,
1078 1285 1217 1359 sparqique
1231 1283 1319 1355 (quod
1333 1283 1426 1336 dicitur

388 1373 492 1413 «restes
511 1361 609 1411 e'taieat
630 1363 652 1411 si
671 1378 724 1432 peu
743 1358 776 1410 de
792 1359 886 1426 chose,
930 1359 1047 1413 derebus
1055 1359 1188 1428 solidis,ut
1191 1362 1312 1434 fiiudide
1320 1362 1426 1432 fluidis),

387 1461 398 1485 ι
411 1439 488 1510 qn’on
501 1439 610 1509 pouvait
622 1437 659 1488 les
671 1439 800 1489 enlermer
812 1452 886 1489 entre
930 1440 1019 1490 sivein
1031 1459 1113 1489 unum
1125 1438 1213 1492 locum
1224 1441 1324 1512 colligi,
1338 1441 1371 1492 ad
1384 1441 1427 1492 ad-

389 1519 480 1570 ·deux
499 1520 591 1570 mains.
603 1542 613 1564 ι
636 1517 724 1568 Restat
741 1519 836 1586 igitur,
857 1529 887 1567 ut
930 1521 1095 1571 mirationem
1107 1523 1290 1587 convivarum,
1300 1536 1323 1573 et
1335 1535 1364 1573 ut
1374 1525 1427 1594 ipse

385 1617 471 1650 meam
484 1597 642 1649 sententiam
656 1615 784 1670 promam.
795 1599 831 1647 Ut
840 1615 886 1648 nn·
932 1613 991 1650 ecto
1006 1598 1095 1650 labore
1112 1598 1295 1665 delectaretur,
1310 1601 1346 1651 ad
1356 1600 1429 1673 pedes

386 1692 411 1730 te
425 1679 512 1728 omnia
525 1675 557 1729 de
569 1677 683 1728 lectione
694 1676 795 1744 (licam,
807 1678 886 1728 maxi-
931 1679 1066 1743 stantibus,
1077 1675 1130 1729 hoc
1143 1693 1194 1746 est,
1208 1699 1223 1728 a
1236 1680 1329 1745 servis,
1345 1679 1378 1729 ed
1393 1679 1428 1731 le-

387 1776 428 1810 nte
452 1775 480 1809 se
502 1754 669 1808 commendat
691 1749 886 1820 abundantem,
932 1756 1430 1829 ctumsivepedesministrantibus,da·

387 1836 460 1908 quod
474 1835 534 1888 edd.
552 1837 678 1906 antiquie,
694 1848 723 1885 ut
735 1833 795 1885 Ald.
809 1832 886 1886 basil.
932 1839 999 1902 tivo,
1010 1849 1039 1886 nt
1049 1839 1142 1908 saepius
1153 1835 1201 1906 (cl.
1208 1835 1387 1910 Oudendorp.
1398 1836 1430 1888 ad

386 1915 484 1988 Gryph.
496 1913 579 1966 Plant.
591 1913 728 1978 exhibent,
741 1911 814 1986 quod
824 1914 888 1965 Bur·
932 1917 996 1970 Ces.
1013 1917 1071 1988 19),
1083 1917 1170 1990 posito
1182 1935 1230 1988 pro
1243 1915 1360 1968 ablativo
1372 1935 1430 1967 enm

387 2015 476 2047 mann.
490 1993 664 2066 Oudendorp.
678 2008 702 2046 et
714 1995 815 2044 Ernest.
829 1990 885 2062 (ed.
930 1995 1160 2068 prepositionea,
1170 1991 1289 2066 adeoque
1300 1993 1430 2057 hocloco,

386 2075 485 2150 prior.)
502 2072 687 2138 reddiderunt,
705 2085 729 2123 et
745 2073 887 2124 Grimmius
931 2093 965 2125 ne
976 2076 1046 2126 euris
1055 2071 1232 2125 offenderetur
1242 2071 1431 2142 excipientibus

387 2167 457 2205 recte
467 2155 655 2224 interpretatus
666 2163 713 2202 est.
725 2150 775 2203 Sed
786 2164 888 2202 contre·
933 2152 1053 2205 severbis
1061 2154 1093 2204 ab
1102 2153 1139 2205 ad
1143 2151 1220 2224 pedes
1228 2153 1363 2204 stantibus.
1372 2153 1430 2202 llice

387 2233 481 2284 dicunt
491 2231 561 2283 MSS.
572 2233 617 2300 qui
625 2230 688 2282 dant
696 2231 841 2281 abundanti
848 2228 888 2280 vel
932 2231 1068 2285 hactenns.
1087 2233 1185 2284 Invitus
1199 2230 1304 2302 longior
1319 2232 1359 2282 fui
1371 2230 1397 2282 b.
1413 2229 1429 2281 l.

388 2309 530 2363 abundans.
546 2307 614 2360 illud
629 2308 758 2360 Walther.
779 2309 886 2360 Obserr.
934 2331 1011 2382 quem
1027 2308 1188 2363 difficillimis
1206 2327 1349 2376 uccenseo,
1365 2327 1431 2382 quo—

313 2383 317 2393 ’
388 2409 457 2461 Ριιῑς.Ι
473 2388 523 2452 an,
545 2385 700 2438 servandum
719 2387 839 2451 censuit,
860 2399 889 2450 ut
933 2396 1003 2442 niam
1012 2390 1105 2462 reliqui
1115 2392 1268 2460 interpretes
1278 2389 1334 2440 lere
1343 2408 1432 2440 omnes

388 2467 532 2520 abundanti
556 2467 611 2517 scil.
631 2467 685 2518 cibo
708 2465 836 2517 ablativus
856 2465 889 2517 sit
934 2487 963 2522 ur
978 2470 1132 2524 facillimum
1144 2469 1247 2522 silentio
1258 2470 1432 2539 praetermise-

390 2547 537 2612 absolutus,
547 2547 682 2599 durissima
691 2549 801 2614 ratione,
808 2567 890 2618 quum
933 2564 1003 2604 runt.

388 2627 521 2702 praecedat
542 2629 597 2678 Cibi
615 2626 742 2698 plurimi,
765 2629 808 2677 cui
829 2645 890 2679 suc·
970 2633 994 2683 3.
1015 2626 1315 2700 libidinis...pronioris.
1329 2627 1433 2679 ltnllo-

390 2725 494 2759 currere
502 2705 588 2758 studet
596 2703 890 2756 lictoanncolutbo.De-
934 2709 1001 2760 bert.
1015 2706 1119 2776 Stepb.,
1136 2705 1256 2776 probavit
1268 2705 1433 2771 casaubon,

390 2789 416 2840 di
432 2788 509 2857 igitur
527 2804 586 2848 cunr
601 2787 702 2836 Ernest.
721 2783 776 2852 (ed.
793 2783 889 2854 altera)
935 2787 1007 2840 dedit
1024 2788 1141 2852 Ernest.,
1162 2801 1187 2838 et
1206 2789 1305 2856 optime
1322 2788 1435 2839 coheres

390 2881 415 2919 et
430 2867 532 2937 bipont.
547 2861 716 2932 Wollioque,
731 2863 802 2932 quod
817 2863 888 2914 Grae-
935 2889 995 2921 eum
1006 2867 1230 2932 antecedentibus,
1242 2868 1262 2918 si
1271 2869 1391 2920 retuleris
1401 2867 1434 2920 ad

389 2951 432 3000 vio
444 2943 667 3014 ctOudendorpio
677 2943 775 2994 dudum
786 2943 891 3015 placue·
936 2949 992 3000 Cibi
1000 2945 1118 3022 plurimi.
1132 2945 1182 2996 Sed
1194 2965 1285 2997 omnes
1298 2946 1360 2998 libri
1373 2945 1434 2998 dent

389 3043 443 3094 ret,
457 3026 630 3091 abundantis,
644 3027 720 3094 cujus
735 3023 819 3074 facilis
832 3043 890 3074 mn·
932 3027 1047 3100 pmnior.
1065 3025 1123 3076 lam
1142 3024 1256 3076 libidinis
1271 3027 1391 3096 pronior,
1407 3039 1435 3075 nt

390 3108 455 3158 tatio
466 3105 516 3156 fuit
527 3106 552 3154 in
562 3102 718 3165 abundanti,
731 3115 757 3152 et
767 3099 890 3170 quodve·
934 3107 1062 3176 genitivus
1077 3117 1183 3172 regatur
1197 3121 1210 3152 n
1226 3105 1345 3174 pronior,
1361 3109 1435 3175 cujus

390 3206 418 3237 re
428 3187 479 3236 fuit
488 3187 514 3235 in
527 3181 637 3248 Codice,
648 3185 723 3252 cujus
734 3180 840 3232 collatio
851 3194 890 3232 cst
935 3200 998 3232 usus
1008 3179 1155 3250 exemplum
1169 3181 1262 3231 frustra
1276 3185 1401 3252 qutcritur
1410 3185 1436 3234 in

389 3260 699 3318 ined.Plant.ablullero
709 3281 890 3314 mecumcom·
934 3259 1020 3312 soluta
1035 3259 1167 3323 oratione,
1182 3256 1302 3329 equidem
1318 3277 1374 3310 non
1388 3259 1436 3311 de-

390 3341 889 3414 rnunicnta.Explicoautemlocumitn:
934 3337 1072 3391 fenden-im.
1085 3336 1215 3388 Waltheri
1226 3341 1355 3390 rationem
1366 3339 1436 3410 (Ob-

389 3425 461 3476 Inter
470 3442 570 3475 coennm
581 3439 662 3492 usqne
671 3440 701 3470 eo
711 3419 775 3489 (ita,
787 3439 819 3471 nn
830 3439 890 3471 cum
934 3439 999 3472 serv.
1012 3419 1020 3470 l
1041 3419 1080 3490 c.)
1090 3435 1143 3469 nou
1155 3420 1242 3490 capio.
1251 3419 1336 3468 Unice
1347 3438 1436 3470 rernm

390 3503 447 3556 aliis
461 3501 613 3574 usqueadeo
626 3499 710 3568 legas,
724 3519 754 3549 ex
766 3517 815 3550 usu
826 3500 890 3550 Sue·
934 3511 1000 3572 puto
1018 3494 1226 3547 emendationem
1239 3497 1390 3562 Torrentii,
1405 3497 1437 3549 li-

390 3583 455 3633 touii
470 3580 648 3650 promiscuum
664 3577 717 3648 est)
730 3575 889 3628 abundantis
935 3577 1054 3629 bidini....
1069 3576 1191 3646 pmniar3
1208 3577 1244 3626 ita
1260 3590 1381 3627 servatur
1397 3577 1437 3628 le-

390 3663 442 3716 cibi
453 3664 515 3724 fuit,
526 3674 555 3710 nt
566 3671 703 3730 congestas
713 3676 891 3729 supermanus
935 3660 987 3710 ctio
1000 3657 1085 3710 Codd.
1099 3657 1253 3729 conspirans
1269 3659 1296 3708 in
1309 3659 1436 3729 pronior,

390 3741 417 3802 h.
430 3762 453 3794 e.
465 3751 526 3792 erite
539 3757 580 3804 se,
593 3753 653 3790 ante
665 3735 752 3787 locum
763 3737 807 3788 ubi
820 3756 889 3788 sum·
935 3753 961 3792 et
975 3738 1078 3792 dativus
1093 3738 1217 3808 exemplis
1229 3739 1321 3788 nititur
1334 3742 1435 3791 Neron.

391 3839 458 3878 serat
480 3821 586 3886 cibum,
609 3820 733 3890 reliquias
754 3818 889 3889 (Gallice,
934 3816 983 3883 40,
995 3831 1020 3868 et
1032 3815 1108 3869 Gilb.
1126 3832 1165 3868 12.

394 3902 452 3956 -les
471 3914 552 3952 restes
572 3897 618 3950 des
641 3913 705 3950 mets
725 3901 771 3972 qui
793 3901 889 3950 etaient
970 3895 1364 3962 4.1celum....nuneiantem,
1384 3910 1436 3948 etc.

394 3984 530 4038 tentasses
552 3979 649 4032 devant
669 3999 718 4031 son
740 3981 843 4030 assiette
857 3980 890 4051 ι)
934 3977 972 4026 De
985 3973 1069 4040 Icelo,
1086 3991 1165 4044 supra
1182 3991 1240 4042 cap.
1259 3973 1298 4038 14.
1314 3975 1355 4026 Ol.
1372 3973 1438 4025 Plu·

390 4059 552 4132 circumferri
568 4058 692 4132 juberet,
713 4057 768 4109 scil.
791 4059 889 4110 circum
934 4053 1018 4105 tarch.
1034 4071 1092 4124 cup.
1111 4069 1137 4121 7,
1152 4051 1197 4104 ubi
1208 4053 1322 4122 primum
1335 4051 1370 4102 de
1383 4053 1438 4103 Ne·

391 4161 508 4196 mensum
529 4152 554 4190 et
577 4139 717 4202 convivas,
740 4135 890 4188 ostentandi
934 4137 1005 4186 ronis
1018 4148 1101 4184 morte
1114 4136 1237 4184 nuncium
1253 4151 1312 4184 eum
1326 4131 1359 4183 nd
1372 4132 1437 4186 Gat-

392 4239 485 4286 causa,
505 4229 631 4288 quantum
650 4215 739 4267 fnuccs
758 4228 783 4265 et
801 4226 890 4267 venter
933 4215 994 4266 bam
1009 4214 1110 4266 venisse
1123 4225 1219 4262 narrat¹
