<?xml version="1.0" encoding="UTF-8"?>
<!DOCTYPE html PUBLIC "-//W3C//DTD XHTML 1.0 Transitional//EN"
    "http://www.w3.org/TR/xhtml1/DTD/xhtml1-transitional.dtd">
<html xmlns="http://www.w3.org/1999/xhtml" xml:lang="en" lang="en">
 <head>
  <title>
</title>
<meta http-equiv="Content-Type" content="text/html;charset=utf-8" />
  <meta name='ocr-system' content='tesseract 3.04.00' />
  <meta name='ocr-capabilities' content='ocr_page ocr_carea ocr_par ocr_line ocrx_word'/>
</head>
<body>
  <div class='ocr_page' id='page_1' title='image "./csuetoniitranqu00suetgoog_0159.png"; bbox 0 0 3054 5152; ppageno 0'>
   <div class='ocr_carea' id='block_1_1' title="bbox 17 543 1234 2544">
    <p class='ocr_par' dir='ltr' id='par_1_1' title="bbox 17 543 1234 2097">
     <span class='ocr_line' id='line_1_1' title="bbox 483 543 1134 629; baseline 0.003 -20"><span class='ocrx_word' id='word_1_1' title='bbox 483 543 737 609; x_wconf 87' lang='lat' dir='ltr'><strong>CLAUDIUS.</strong></span> <span class='ocrx_word' id='word_1_2' title='bbox 1073 548 1134 629; x_wconf 71' lang='grc'>143</span> 
     </span>
     <span class='ocr_line' id='line_1_2' title="bbox 17 650 1137 766; baseline 0 -27"><span class='ocrx_word' id='word_1_3' title='bbox 17 650 26 676; x_wconf 38' lang='lat'>&#39;¹</span> <span class='ocrx_word' id='word_1_4' title='bbox 96 675 279 766; x_wconf 87' lang='lat' dir='ltr'>coepitquea</span> <span class='ocrx_word' id='word_1_5' title='bbox 296 693 380 763; x_wconf 89' lang='lat' dir='ltr'>pace</span> <span class='ocrx_word' id='word_1_6' title='bbox 397 669 504 751; x_wconf 88' lang='lat' dir='ltr'>eivili;</span> <span class='ocrx_word' id='word_1_7' title='bbox 524 671 631 763; x_wconf 83' lang='lat' dir='ltr'>quum</span> <span class='ocrx_word' id='word_1_8' title='bbox 649 671 805 750; x_wconf 86' lang='lat' dir='ltr'><strong>sentiret,</strong></span> <span class='ocrx_word' id='word_1_9' title='bbox 823 691 933 762; x_wconf 90' lang='lat' dir='ltr'>neque</span> <span class='ocrx_word' id='word_1_10' title='bbox 945 668 1066 754; x_wconf 90' lang='lat' dir='ltr'>libere,</span> <span class='ocrx_word' id='word_1_11' title='bbox 1083 695 1137 739; x_wconf 92' lang='lat' dir='ltr'>ne-</span> 
     </span>
     <span class='ocr_line' id='line_1_3' title="bbox 17 777 1137 879; baseline -0.001 -28"><span class='ocrx_word' id='word_1_12' title='bbox 17 813 19 874; x_wconf 64' lang='grc'>1</span> <span class='ocrx_word' id='word_1_13' title='bbox 96 806 259 879; x_wconf 79' lang='lat' dir='ltr'>querere,</span> <span class='ocrx_word' id='word_1_14' title='bbox 280 782 344 849; x_wconf 93' lang='lat' dir='ltr'>sibi</span> <span class='ocrx_word' id='word_1_15' title='bbox 362 779 404 849; x_wconf 91' lang='lat' dir='ltr'>de</span> <span class='ocrx_word' id='word_1_16' title='bbox 421 781 651 874; x_wconf 89' lang='lat' dir='ltr'>superioribus</span> <span class='ocrx_word' id='word_1_17' title='bbox 670 777 826 848; x_wconf 89' lang='lat' dir='ltr'>tradendi</span> <span class='ocrx_word' id='word_1_18' title='bbox 844 797 1043 873; x_wconf 85' lang='lat' dir='ltr'>potestatem</span> <span class='ocrx_word' id='word_1_19' title='bbox 1063 783 1137 851; x_wconf 92' lang='lat' dir='ltr'>reIi·</span> 
     </span>
     <span class='ocr_line' id='line_1_4' title="bbox 17 890 1137 985; baseline 0.001 -25"><span class='ocrx_word' id='word_1_20' title='bbox 17 919 18 926; x_wconf 50' lang='lat'>¹</span> <span class='ocrx_word' id='word_1_21' title='bbox 97 911 190 974; x_wconf 91' lang='lat' dir='ltr'>ctam,</span> <span class='ocrx_word' id='word_1_22' title='bbox 205 907 382 985; x_wconf 89' lang='lat' dir='ltr'>correptus</span> <span class='ocrx_word' id='word_1_23' title='bbox 397 914 487 983; x_wconf 84' lang='lat' dir='ltr'>saepe</span> <span class='ocrx_word' id='word_1_24' title='bbox 499 906 533 957; x_wconf 91' lang='lat' dir='ltr'>et</span> <span class='ocrx_word' id='word_1_25' title='bbox 544 915 564 956; x_wconf 92' lang='lat' dir='ltr'>a</span> <span class='ocrx_word' id='word_1_26' title='bbox 576 905 684 957; x_wconf 89' lang='lat' dir='ltr'>matre</span> <span class='ocrx_word' id='word_1_27' title='bbox 698 906 732 957; x_wconf 92' lang='lat' dir='ltr'>et</span> <span class='ocrx_word' id='word_1_28' title='bbox 745 890 787 957; x_wconf 87' lang='lat' dir='ltr'>ab</span> <span class='ocrx_word' id='word_1_29' title='bbox 805 893 888 958; x_wconf 91' lang='lat' dir='ltr'>avia.</span> <span class='ocrx_word' id='word_1_30' title='bbox 904 893 1027 958; x_wconf 90' lang='lat' dir='ltr'>Prioris</span> <span class='ocrx_word' id='word_1_31' title='bbox 1039 912 1137 961; x_wconf 81' lang='lat' dir='ltr'>mete</span> 
     </span>
     <span class='ocr_line' id='line_1_5' title="bbox 99 1000 1137 1095; baseline 0.001 -26"><span class='ocrx_word' id='word_1_32' title='bbox 99 1005 148 1072; x_wconf 81' lang='lat' dir='ltr'>riae</span> <span class='ocrx_word' id='word_1_33' title='bbox 160 1000 224 1069; x_wconf 91' lang='lat' dir='ltr'>duo</span> <span class='ocrx_word' id='word_1_34' title='bbox 236 1000 428 1083; x_wconf 88' lang='lat' dir='ltr'>volumina,</span> <span class='ocrx_word' id='word_1_35' title='bbox 442 1003 638 1093; x_wconf 91' lang='lat' dir='ltr'>posterioris</span> <span class='ocrx_word' id='word_1_36' title='bbox 653 1025 760 1068; x_wconf 93' lang='lat' dir='ltr'>unum</span> <span class='ocrx_word' id='word_1_37' title='bbox 777 1017 811 1069; x_wconf 92' lang='lat' dir='ltr'>et</span> <span class='ocrx_word' id='word_1_38' title='bbox 825 1001 1046 1095; x_wconf 76' lang='lat' dir='ltr'>quadraginta</span> <span class='ocrx_word' id='word_1_39' title='bbox 1062 1004 1137 1071; x_wconf 90' lang='lat' dir='ltr'>reli-</span> 
     </span>
     <span class='ocr_line' id='line_1_6' title="bbox 98 1112 1136 1207; baseline 0.002 -27"><span class='ocrx_word' id='word_1_40' title='bbox 98 1116 168 1207; x_wconf 88' lang='lat' dir='ltr'>quit.</span> <span class='ocrx_word' id='word_1_41' title='bbox 184 1114 381 1205; x_wconf 87' lang='lat' dir='ltr'>Composuit</span> <span class='ocrx_word' id='word_1_42' title='bbox 393 1128 427 1178; x_wconf 89' lang='lat' dir='ltr'>et</span> <span class='ocrx_word' id='word_1_43' title='bbox 447 1117 520 1178; x_wconf 74' lang='lat' dir='ltr'>«De</span> <span class='ocrx_word' id='word_1_44' title='bbox 538 1114 603 1180; x_wconf 89' lang='lat' dir='ltr'>vita</span> <span class='ocrx_word' id='word_1_45' title='bbox 623 1135 708 1178; x_wconf 76' lang='lat' dir='ltr'>sua»</span> <span class='ocrx_word' id='word_1_46' title='bbox 727 1127 802 1180; x_wconf 90' lang='lat' dir='ltr'>octo</span> <span class='ocrx_word' id='word_1_47' title='bbox 819 1112 1011 1196; x_wconf 87' lang='lat' dir='ltr'>volumina,</span> <span class='ocrx_word' id='word_1_48' title='bbox 1030 1118 1136 1206; x_wconf 72' lang='lat' dir='ltr'>magis</span> 
     </span>
     <span class='ocr_line' id='line_1_7' title="bbox 96 1222 1137 1319; baseline 0.001 -27"><span class='ocrx_word' id='word_1_49' title='bbox 96 1229 212 1318; x_wconf 88' lang='lat' dir='ltr'>inepte,</span> <span class='ocrx_word' id='word_1_50' title='bbox 227 1249 331 1319; x_wconf 87' lang='lat' dir='ltr'>quam</span> <span class='ocrx_word' id='word_1_51' title='bbox 342 1224 586 1315; x_wconf 82' lang='lat' dir='ltr'>ineleganter⁵:</span> <span class='ocrx_word' id='word_1_52' title='bbox 603 1226 683 1291; x_wconf 90' lang='lat' dir='ltr'>item</span> <span class='ocrx_word' id='word_1_53' title='bbox 700 1226 892 1292; x_wconf 71' lang='lat' dir='ltr'>«Ciceronis</span> <span class='ocrx_word' id='word_1_54' title='bbox 904 1222 1137 1294; x_wconf 85' lang='lat' dir='ltr'><strong>defensionem</strong></span> 
     </span>
     <span class='ocr_line' id='line_1_8' title="bbox 17 1334 1151 1417; baseline 0.002 -14"><span class='ocrx_word' id='word_1_55' title='bbox 17 1363 18 1372; x_wconf 53' lang='lat'>¹</span> <span class='ocrx_word' id='word_1_56' title='bbox 95 1337 245 1404; x_wconf 85' lang='lat' dir='ltr'>adversus</span> <span class='ocrx_word' id='word_1_57' title='bbox 256 1338 361 1403; x_wconf 82' lang='lat' dir='ltr'>Asinii</span> <span class='ocrx_word' id='word_1_58' title='bbox 373 1336 459 1403; x_wconf 83' lang='lat' dir='ltr'>Galli</span> <span class='ocrx_word' id='word_1_59' title='bbox 469 1336 589 1417; x_wconf 89' lang='lat' dir='ltr'>libros,</span> <span class='ocrx_word' id='word_1_60' title='bbox 602 1366 615 1396; x_wconf 81' lang='grc'>1</span> <span class='ocrx_word' id='word_1_61' title='bbox 631 1337 711 1403; x_wconf 80' lang='lat' dir='ltr'>setis</span> <span class='ocrx_word' id='word_1_62' title='bbox 725 1334 902 1402; x_wconf 88' lang='lat' dir='ltr'>eruditam.</span> <span class='ocrx_word' id='word_1_63' title='bbox 915 1342 1025 1405; x_wconf 81' lang='lat' dir='ltr'>Novas</span> <span class='ocrx_word' id='word_1_64' title='bbox 1036 1341 1151 1405; x_wconf 85' lang='lat' dir='ltr'>etiam</span> 
     </span>
     <span class='ocr_line' id='line_1_9' title="bbox 96 1444 1137 1545; baseline 0.002 -29"><span class='ocrx_word' id='word_1_65' title='bbox 96 1464 296 1516; x_wconf 87' lang='lat' dir='ltr'>commentus</span> <span class='ocrx_word' id='word_1_66' title='bbox 311 1463 362 1516; x_wconf 88' lang='lat' dir='ltr'>est</span> <span class='ocrx_word' id='word_1_67' title='bbox 378 1447 492 1516; x_wconf 84' lang='lat' dir='ltr'>literas</span> <span class='ocrx_word' id='word_1_68' title='bbox 510 1444 616 1529; x_wconf 84' lang='lat' dir='ltr'>tres⁶‚</span> <span class='ocrx_word' id='word_1_69' title='bbox 635 1471 675 1514; x_wconf 88' lang='lat' dir='ltr'>ac</span> <span class='ocrx_word' id='word_1_70' title='bbox 690 1471 831 1514; x_wconf 88' lang='lat' dir='ltr'>numero</span> <span class='ocrx_word' id='word_1_71' title='bbox 850 1465 1020 1532; x_wconf 87' lang='lat' dir='ltr'>veterum,</span> <span class='ocrx_word' id='word_1_72' title='bbox 1042 1454 1137 1545; x_wconf 81' lang='lat' dir='ltr'>quasi</span> 
     </span>
     <span class='ocr_line' id='line_1_10' title="bbox 96 1556 1138 1655; baseline 0.001 -27"><span class='ocrx_word' id='word_1_73' title='bbox 96 1563 228 1628; x_wconf 84' lang='lat' dir='ltr'>maxime</span> <span class='ocrx_word' id='word_1_74' title='bbox 248 1563 475 1642; x_wconf 85' lang='lat' dir='ltr'>necessarias,</span> <span class='ocrx_word' id='word_1_75' title='bbox 495 1556 642 1626; x_wconf 86' lang='lat' dir='ltr'>addidit:</span> <span class='ocrx_word' id='word_1_76' title='bbox 663 1559 704 1626; x_wconf 88' lang='lat' dir='ltr'>de</span> <span class='ocrx_word' id='word_1_77' title='bbox 723 1584 867 1653; x_wconf 88' lang='lat' dir='ltr'>quarum</span> <span class='ocrx_word' id='word_1_78' title='bbox 885 1563 1013 1629; x_wconf 89' lang='lat' dir='ltr'>ratione</span> <span class='ocrx_word' id='word_1_79' title='bbox 1032 1586 1138 1655; x_wconf 89' lang='lat' dir='ltr'>quum</span> 
     </span>
     <span class='ocr_line' id='line_1_11' title="bbox 17 1657 1138 1764; baseline 0.002 -28"><span class='ocrx_word' id='word_1_80' title='bbox 17 1721 18 1730; x_wconf 66' lang='lat'>.</span> <span class='ocrx_word' id='word_1_81' title='bbox 97 1673 234 1763; x_wconf 86' lang='lat' dir='ltr'>privatus</span> <span class='ocrx_word' id='word_1_82' title='bbox 246 1668 359 1737; x_wconf 87' lang='lat' dir='ltr'>adhuc</span> <span class='ocrx_word' id='word_1_83' title='bbox 371 1670 531 1738; x_wconf 86' lang='lat' dir='ltr'>volumen</span> <span class='ocrx_word' id='word_1_84' title='bbox 545 1657 812 1751; x_wconf 46' lang='lat' dir='ltr'>edidisset,&#39;mox</span> <span class='ocrx_word' id='word_1_85' title='bbox 826 1672 984 1764; x_wconf 82' lang='lat' dir='ltr'>Princeps</span> <span class='ocrx_word' id='word_1_86' title='bbox 998 1695 1067 1738; x_wconf 92' lang='lat' dir='ltr'>non</span> <span class='ocrx_word' id='word_1_87' title='bbox 1079 1670 1138 1738; x_wconf 88' lang='lat' dir='ltr'>dif-</span> 
     </span>
     <span class='ocr_line' id='line_1_12' title="bbox 17 1763 1139 1877; baseline 0 -29"><span class='ocrx_word' id='word_1_88' title='bbox 17 1763 20 1858; x_wconf 56' lang='lat' dir='ltr'>s,</span> <span class='ocrx_word' id='word_1_89' title='bbox 97 1781 215 1849; x_wconf 89' lang='lat' dir='ltr'>ficulter</span> <span class='ocrx_word' id='word_1_90' title='bbox 226 1782 389 1863; x_wconf 90' lang='lat' dir='ltr'>obtinuit,</span> <span class='ocrx_word' id='word_1_91' title='bbox 404 1798 443 1849; x_wconf 93' lang='lat' dir='ltr'>ut</span> <span class='ocrx_word' id='word_1_92' title='bbox 454 1784 488 1848; x_wconf 93' lang='lat' dir='ltr'>in</span> <span class='ocrx_word' id='word_1_93' title='bbox 503 1807 567 1849; x_wconf 92' lang='lat' dir='ltr'>usu</span> <span class='ocrx_word' id='word_1_94' title='bbox 584 1806 719 1877; x_wconf 91' lang='lat' dir='ltr'>quoque</span> <span class='ocrx_word' id='word_1_95' title='bbox 731 1785 923 1875; x_wconf 91' lang='lat' dir='ltr'>promiscuo</span> <span class='ocrx_word' id='word_1_96' title='bbox 936 1800 1058 1850; x_wconf 88' lang='lat' dir='ltr'>essent.</span> <span class='ocrx_word' id='word_1_97' title='bbox 1075 1787 1139 1849; x_wconf 83' lang='lat' dir='ltr'>Ex-</span> 
     </span>
     <span class='ocr_line' id='line_1_13' title="bbox 17 1891 1234 1988; baseline 0.002 -30"><span class='ocrx_word' id='word_1_98' title='bbox 17 1929 19 1976; x_wconf 77' lang='lat' dir='ltr'>t</span> <span class='ocrx_word' id='word_1_99' title='bbox 97 1907 153 1958; x_wconf 89' lang='lat' dir='ltr'>stat</span> <span class='ocrx_word' id='word_1_100' title='bbox 169 1891 242 1958; x_wconf 91' lang='lat' dir='ltr'>talis</span> <span class='ocrx_word' id='word_1_101' title='bbox 261 1895 426 1986; x_wconf 89' lang='lat' dir='ltr'>scriptura</span> <span class='ocrx_word' id='word_1_102' title='bbox 438 1895 473 1959; x_wconf 93' lang='lat' dir='ltr'>in</span> <span class='ocrx_word' id='word_1_103' title='bbox 489 1892 660 1988; x_wconf 90' lang='lat' dir='ltr'>plerisque</span> <span class='ocrx_word' id='word_1_104' title='bbox 673 1891 787 1975; x_wconf 84' lang='lat' dir='ltr'>libris,</span> <span class='ocrx_word' id='word_1_105' title='bbox 807 1895 888 1961; x_wconf 86' lang='lat' dir='ltr'>actis</span> <span class='ocrx_word' id='word_1_106' title='bbox 901 1891 1049 1975; x_wconf 88' lang='lat' dir='ltr'>diurnis,</span> <span class='ocrx_word' id='word_1_107' title='bbox 1065 1896 1139 1961; x_wconf 90' lang='lat' dir='ltr'>titu-</span> <span class='ocrx_word' id='word_1_108' title='bbox 1230 1933 1234 1941; x_wconf 87' lang='lat'><em>·</em></span> 
     </span>
     <span class='ocr_line' id='line_1_14' title="bbox 17 2002 364 2097; baseline 0.014 -30"><span class='ocrx_word' id='word_1_109' title='bbox 17 2013 19 2030; x_wconf 67' lang='lat'>⁵</span> <span class='ocrx_word' id='word_1_110' title='bbox 97 2002 195 2097; x_wconf 86' lang='lat' dir='ltr'>iisque</span> <span class='ocrx_word' id='word_1_111' title='bbox 210 2027 364 2097; x_wconf 92' lang='lat' dir='ltr'>operum.</span> 
     </span>
    </p>

    <p class='ocr_par' dir='ltr' id='par_1_2' title="bbox 17 2115 1140 2544">
     <span class='ocr_line' id='line_1_15' title="bbox 134 2115 1140 2201; baseline 0 -19"><span class='ocrx_word' id='word_1_112' title='bbox 134 2119 234 2183; x_wconf 88' lang='lat' dir='ltr'><strong>XLII.</strong></span> <span class='ocrx_word' id='word_1_113' title='bbox 251 2120 322 2182; x_wconf 85' lang='lat' dir='ltr'>Nec</span> <span class='ocrx_word' id='word_1_114' title='bbox 333 2118 463 2185; x_wconf 82' lang='lat' dir='ltr'>mitiore</span> <span class='ocrx_word' id='word_1_115' title='bbox 476 2141 557 2183; x_wconf 86' lang='lat' dir='ltr'>cura</span> <span class='ocrx_word' id='word_1_116' title='bbox 570 2121 687 2185; x_wconf 86' lang='lat' dir='ltr'>Graeca</span> <span class='ocrx_word' id='word_1_117' title='bbox 699 2115 809 2201; x_wconf 81' lang='lat' dir='ltr'>studia</span> <span class='ocrx_word' id='word_1_118' title='bbox 822 2131 956 2183; x_wconf 90' lang='lat' dir='ltr'>secutus</span> <span class='ocrx_word' id='word_1_119' title='bbox 969 2132 1036 2197; x_wconf 85' lang='lat' dir='ltr'>est,</span> <span class='ocrx_word' id='word_1_120' title='bbox 1048 2139 1140 2182; x_wconf 89' lang='lat' dir='ltr'>amo-</span> 
     </span>
     <span class='ocr_line' id='line_1_16' title="bbox 17 2227 1136 2334; baseline 0 -42"><span class='ocrx_word' id='word_1_121' title='bbox 17 2249 19 2334; x_wconf 51' lang='grc' dir='ltr'><strong>ξ</strong></span> <span class='ocrx_word' id='word_1_122' title='bbox 97 2249 159 2292; x_wconf 83' lang='lat' dir='ltr'>rem</span> <span class='ocrx_word' id='word_1_123' title='bbox 178 2230 475 2324; x_wconf 84' lang='lat' dir='ltr'>praestantiamque</span> <span class='ocrx_word' id='word_1_124' title='bbox 494 2227 617 2320; x_wconf 77' lang='lat' dir='ltr'>linguae</span> <span class='ocrx_word' id='word_1_125' title='bbox 641 2231 816 2295; x_wconf 84' lang='lat' dir='ltr'>occasione</span> <span class='ocrx_word' id='word_1_126' title='bbox 837 2230 931 2294; x_wconf 91' lang='lat' dir='ltr'>omni</span> <span class='ocrx_word' id='word_1_127' title='bbox 951 2227 1136 2320; x_wconf 90' lang='lat' dir='ltr'>professus.</span> 
     </span>
     <span class='ocr_line' id='line_1_17' title="bbox 17 2335 1140 2427; baseline 0.008 -26"><span class='ocrx_word' id='word_1_128' title='bbox 17 2337 19 2388; x_wconf 69' lang='grc' dir='ltr'>ἓ</span> <span class='ocrx_word' id='word_1_129' title='bbox 98 2335 225 2404; x_wconf 85' lang='lat' dir='ltr'>Cuidam</span> <span class='ocrx_word' id='word_1_130' title='bbox 249 2339 416 2420; x_wconf 86' lang='lat' dir='ltr'>barbaro,</span> <span class='ocrx_word' id='word_1_131' title='bbox 440 2345 555 2408; x_wconf 88' lang='lat' dir='ltr'>Graece</span> <span class='ocrx_word' id='word_1_132' title='bbox 576 2359 609 2407; x_wconf 90' lang='lat' dir='ltr'>et</span> <span class='ocrx_word' id='word_1_133' title='bbox 631 2345 749 2408; x_wconf 82' lang='lat' dir='ltr'>Latine</span> <span class='ocrx_word' id='word_1_134' title='bbox 775 2337 972 2424; x_wconf 81' lang='lat' dir='ltr'>disserenti,</span> <span class='ocrx_word' id='word_1_135' title='bbox 1002 2347 1140 2427; x_wconf 69' lang='lat' dir='ltr'>«Quum</span> 
     </span>
     <span class='ocr_line' id='line_1_18' title="bbox 100 2452 1140 2544; baseline 0.013 -32"><span class='ocrx_word' id='word_1_136' title='bbox 100 2463 246 2543; x_wconf 90' lang='lat' dir='ltr'>utroque,</span> <span class='ocrx_word' id='word_1_137' title='bbox 259 2480 273 2511; x_wconf 75' lang='lat' dir='ltr'><em>n</em></span> <span class='ocrx_word' id='word_1_138' title='bbox 299 2452 426 2543; x_wconf 87' lang='lat' dir='ltr'>inquit,</span> <span class='ocrx_word' id='word_1_139' title='bbox 450 2480 463 2510; x_wconf 79' lang='lat' dir='ltr'>t</span> <span class='ocrx_word' id='word_1_140' title='bbox 476 2473 630 2518; x_wconf 90' lang='lat' dir='ltr'>sermone</span> <span class='ocrx_word' id='word_1_141' title='bbox 645 2469 762 2518; x_wconf 85' lang='lat' dir='ltr'>nostro</span> <span class='ocrx_word' id='word_1_142' title='bbox 777 2455 821 2518; x_wconf 91' lang='lat' dir='ltr'>sis</span> <span class='ocrx_word' id='word_1_143' title='bbox 834 2469 971 2544; x_wconf 89' lang='lat' dir='ltr'>paratus</span> <span class='ocrx_word' id='word_1_144' title='bbox 982 2464 1003 2520; x_wconf 90' lang='lat'>¹.</span> <span class='ocrx_word' id='word_1_145' title='bbox 1018 2484 1031 2513; x_wconf 79' lang='grc'>1</span> <span class='ocrx_word' id='word_1_146' title='bbox 1050 2458 1091 2519; x_wconf 90' lang='lat' dir='ltr'>Et</span> <span class='ocrx_word' id='word_1_147' title='bbox 1104 2455 1140 2525; x_wconf 87' lang='lat' dir='ltr'>in</span> 
     </span>
    </p>
   </div>
   <div class='ocr_carea' id='block_1_2' title="bbox 99 2557 1140 2880">
    <p class='ocr_par' dir='ltr' id='par_1_3' title="bbox 99 2557 1140 2880">
     <span class='ocr_line' id='line_1_19' title="bbox 99 2557 1140 2654; baseline 0.005 -30"><span class='ocrx_word' id='word_1_148' title='bbox 99 2557 357 2626; x_wconf 86' lang='lat' dir='ltr'>commendanda</span> <span class='ocrx_word' id='word_1_149' title='bbox 368 2560 521 2628; x_wconf 90' lang='lat' dir='ltr'>Patribus</span> <span class='ocrx_word' id='word_1_150' title='bbox 535 2565 732 2654; x_wconf 87' lang='lat' dir='ltr'>conscriptis</span> <span class='ocrx_word' id='word_1_151' title='bbox 748 2562 890 2645; x_wconf 83' lang='lat' dir='ltr'>Achaia,</span> <span class='ocrx_word' id='word_1_152' title='bbox 911 2579 1064 2654; x_wconf 77' lang='lat' dir='ltr'>«gratam</span> <span class='ocrx_word' id='word_1_153' title='bbox 1077 2564 1140 2631; x_wconf 92' lang='lat' dir='ltr'>sibi</span> 
     </span>
     <span class='ocr_line' id='line_1_20' title="bbox 99 2671 1135 2759; baseline 0.009 -26"><span class='ocrx_word' id='word_1_154' title='bbox 99 2672 313 2759; x_wconf 88' lang='lat' dir='ltr'>pmvinciam,</span> <span class='ocrx_word' id='word_1_155' title='bbox 326 2703 339 2732; x_wconf 80' lang='lat' dir='ltr'>n</span> <span class='ocrx_word' id='word_1_156' title='bbox 353 2674 417 2753; x_wconf 88' lang='lat' dir='ltr'>ait,</span> <span class='ocrx_word' id='word_1_157' title='bbox 434 2702 446 2731; x_wconf 79' lang='grc'>1</span> <span class='ocrx_word' id='word_1_158' title='bbox 459 2675 690 2741; x_wconf 89' lang='lat' dir='ltr'>communium</span> <span class='ocrx_word' id='word_1_159' title='bbox 701 2671 889 2742; x_wconf 88' lang='lat' dir='ltr'>studiorum</span> <span class='ocrx_word' id='word_1_160' title='bbox 899 2677 1135 2742; x_wconf 69' lang='lat' dir='ltr'>commercio.»</span> 
     </span>
     <span class='ocr_line' id='line_1_21' title="bbox 100 2781 1138 2880; baseline 0.008 -33"><span class='ocrx_word' id='word_1_161' title='bbox 100 2785 139 2848; x_wconf 82' lang='lat' dir='ltr'>dc</span> <span class='ocrx_word' id='word_1_162' title='bbox 152 2805 237 2874; x_wconf 84' lang='lat' dir='ltr'>saepe</span> <span class='ocrx_word' id='word_1_163' title='bbox 256 2784 292 2849; x_wconf 93' lang='lat' dir='ltr'>in</span> <span class='ocrx_word' id='word_1_164' title='bbox 307 2786 432 2852; x_wconf 83' lang='lat' dir='ltr'>Senatu</span> <span class='ocrx_word' id='word_1_165' title='bbox 447 2781 564 2876; x_wconf 79' lang='lat' dir='ltr'>legatis</span> <span class='ocrx_word' id='word_1_166' title='bbox 582 2801 747 2878; x_wconf 89' lang='lat' dir='ltr'>perpetua</span> <span class='ocrx_word' id='word_1_167' title='bbox 763 2788 934 2853; x_wconf 82' lang='lat' dir='ltr'>oratione²</span> <span class='ocrx_word' id='word_1_168' title='bbox 953 2787 1138 2880; x_wconf 87' lang='lat' dir='ltr'>respondit.</span> 
     </span>
    </p>
   </div>
   <div class='ocr_carea' id='block_1_3' title="bbox 17 2983 1145 3773">
    <p class='ocr_par' dir='ltr' id='par_1_4' title="bbox 98 2983 1144 3289">
     <span class='ocr_line' id='line_1_22' title="bbox 131 2983 1142 3062; baseline 0.007 -26"><span class='ocrx_word' id='word_1_169' title='bbox 131 2983 153 3036; x_wconf 86' lang='lat'>5.</span> <span class='ocrx_word' id='word_1_170' title='bbox 164 2987 248 3060; x_wconf 72' lang='lat' dir='ltr'>Maqis</span> <span class='ocrx_word' id='word_1_171' title='bbox 257 2990 358 3060; x_wconf 83' lang='lat' dir='ltr'>inepte,</span> <span class='ocrx_word' id='word_1_172' title='bbox 370 3007 449 3061; x_wconf 83' lang='lat' dir='ltr'>quam</span> <span class='ocrx_word' id='word_1_173' title='bbox 459 2988 593 3062; x_wconf 71' lang='lat' dir='ltr'>ineieqau·</span> <span class='ocrx_word' id='word_1_174' title='bbox 636 2989 682 3061; x_wconf 88' lang='lat' dir='ltr'>pla</span> <span class='ocrx_word' id='word_1_175' title='bbox 693 2990 751 3042; x_wconf 85' lang='lat' dir='ltr'>fixo.</span> <span class='ocrx_word' id='word_1_176' title='bbox 763 3014 775 3037; x_wconf 81' lang='grc' dir='ltr'>ι</span> <span class='ocrx_word' id='word_1_177' title='bbox 787 2991 827 3043; x_wconf 86' lang='lat' dir='ltr'>cf.</span> <span class='ocrx_word' id='word_1_178' title='bbox 840 2993 997 3061; x_wconf 87' lang='lat' dir='ltr'>interpretes</span> <span class='ocrx_word' id='word_1_179' title='bbox 1010 2990 1044 3042; x_wconf 92' lang='lat' dir='ltr'>ad</span> <span class='ocrx_word' id='word_1_180' title='bbox 1052 2991 1142 3044; x_wconf 89' lang='lat' dir='ltr'>Iocum</span> 
     </span>
     <span class='ocr_line' id='line_1_23' title="bbox 101 3061 1142 3139; baseline 0.006 -25"><span class='ocrx_word' id='word_1_181' title='bbox 101 3073 140 3114; x_wconf 82' lang='lat' dir='ltr'>ter.</span> <span class='ocrx_word' id='word_1_182' title='bbox 151 3065 238 3138; x_wconf 79' lang='lat' dir='ltr'>Inepte</span> <span class='ocrx_word' id='word_1_183' title='bbox 249 3066 284 3119; x_wconf 89' lang='lat' dir='ltr'>ad</span> <span class='ocrx_word' id='word_1_184' title='bbox 298 3081 498 3138; x_wconf 76' lang='lat' dir='ltr'>argumentum,</span> <span class='ocrx_word' id='word_1_185' title='bbox 513 3068 592 3121; x_wconf 84' lang='lat' dir='ltr'>incIe·</span> <span class='ocrx_word' id='word_1_186' title='bbox 636 3079 721 3120; x_wconf 86' lang='lat' dir='ltr'>nostr.</span> <span class='ocrx_word' id='word_1_187' title='bbox 742 3081 784 3132; x_wconf 89' lang='lat' dir='ltr'>et,</span> <span class='ocrx_word' id='word_1_188' title='bbox 806 3086 885 3139; x_wconf 90' lang='lat' dir='ltr'>quem</span> <span class='ocrx_word' id='word_1_189' title='bbox 902 3067 1016 3120; x_wconf 87' lang='lat' dir='ltr'>Woliius</span> <span class='ocrx_word' id='word_1_190' title='bbox 1035 3061 1142 3136; x_wconf 75' lang='lat' dir='ltr'>citarit,</span> 
     </span>
     <span class='ocr_line' id='line_1_24' title="bbox 98 3144 1142 3220; baseline 0.007 -27"><span class='ocrx_word' id='word_1_191' title='bbox 98 3155 182 3215; x_wconf 66' lang='lat' dir='ltr'>qnater</span> <span class='ocrx_word' id='word_1_192' title='bbox 199 3144 234 3197; x_wconf 89' lang='lat' dir='ltr'>ad</span> <span class='ocrx_word' id='word_1_193' title='bbox 256 3148 406 3200; x_wconf 83' lang='lat' dir='ltr'>orationem</span> <span class='ocrx_word' id='word_1_194' title='bbox 426 3149 479 3200; x_wconf 74' lang='lat' dir='ltr'>site</span> <span class='ocrx_word' id='word_1_195' title='bbox 503 3147 610 3200; x_wconf 84' lang='lat' dir='ltr'>stilum</span> <span class='ocrx_word' id='word_1_196' title='bbox 636 3147 742 3220; x_wconf 77' lang='lat' dir='ltr'>Tayior.</span> <span class='ocrx_word' id='word_1_197' title='bbox 750 3147 784 3200; x_wconf 87' lang='lat' dir='ltr'>ad</span> <span class='ocrx_word' id='word_1_198' title='bbox 791 3149 885 3198; x_wconf 87' lang='lat' dir='ltr'>Marm.</span> <span class='ocrx_word' id='word_1_199' title='bbox 896 3145 1017 3199; x_wconf 83' lang='lat' dir='ltr'>Sandvic.</span> <span class='ocrx_word' id='word_1_200' title='bbox 1028 3167 1089 3218; x_wconf 75' lang='lat' dir='ltr'>pag.</span> <span class='ocrx_word' id='word_1_201' title='bbox 1099 3149 1142 3218; x_wconf 74' lang='grc'>47.</span> 
     </span>
     <span class='ocr_line' id='line_1_25' title="bbox 101 3223 1144 3289; baseline 0.006 -17"><span class='ocrx_word' id='word_1_202' title='bbox 101 3235 200 3289; x_wconf 73' lang='lat' dir='ltr'>spectat.</span> <span class='ocrx_word' id='word_1_203' title='bbox 638 3228 732 3277; x_wconf 87' lang='lat' dir='ltr'>Postea</span> <span class='ocrx_word' id='word_1_204' title='bbox 743 3227 821 3276; x_wconf 88' lang='lat' dir='ltr'>unice</span> <span class='ocrx_word' id='word_1_205' title='bbox 831 3243 895 3276; x_wconf 80' lang='lat' dir='ltr'>vera</span> <span class='ocrx_word' id='word_1_206' title='bbox 904 3223 1009 3277; x_wconf 84' lang='lat' dir='ltr'>videtur</span> <span class='ocrx_word' id='word_1_207' title='bbox 1018 3224 1144 3278; x_wconf 85' lang='lat' dir='ltr'>emenda-</span> 
     </span>
    </p>

    <p class='ocr_par' dir='ltr' id='par_1_5' title="bbox 17 3299 1143 3532">
     <span class='ocr_line' id='line_1_26' title="bbox 131 3299 1142 3376; baseline 0.007 -25"><span class='ocrx_word' id='word_1_208' title='bbox 131 3299 153 3351; x_wconf 81' lang='lat'>6.</span> <span class='ocrx_word' id='word_1_209' title='bbox 162 3303 277 3356; x_wconf 80' lang='lat' dir='ltr'>Novas...</span> <span class='ocrx_word' id='word_1_210' title='bbox 288 3314 448 3358; x_wconf 84' lang='lat' dir='ltr'>commentus</span> <span class='ocrx_word' id='word_1_211' title='bbox 459 3315 495 3356; x_wconf 87' lang='lat' dir='ltr'>est</span> <span class='ocrx_word' id='word_1_212' title='bbox 508 3302 595 3357; x_wconf 82' lang='lat' dir='ltr'>literas</span> <span class='ocrx_word' id='word_1_213' title='bbox 638 3305 676 3355; x_wconf 91' lang='lat' dir='ltr'>tio</span> <span class='ocrx_word' id='word_1_214' title='bbox 691 3304 755 3357; x_wconf 81' lang='lat' dir='ltr'>actis</span> <span class='ocrx_word' id='word_1_215' title='bbox 768 3302 881 3366; x_wconf 83' lang='lat' dir='ltr'>diurnis,</span> <span class='ocrx_word' id='word_1_216' title='bbox 898 3321 978 3372; x_wconf 90' lang='lat' dir='ltr'>quam</span> <span class='ocrx_word' id='word_1_217' title='bbox 993 3305 1142 3376; x_wconf 81' lang='lat' dir='ltr'>recepimus</span> 
     </span>
     <span class='ocr_line' id='line_1_27' title="bbox 101 3381 1143 3454; baseline 0.005 -22"><span class='ocrx_word' id='word_1_218' title='bbox 101 3388 149 3432; x_wconf 73' lang='lat' dir='ltr'>tres.</span> <span class='ocrx_word' id='word_1_219' title='bbox 160 3381 223 3434; x_wconf 87' lang='lat' dir='ltr'>Vide</span> <span class='ocrx_word' id='word_1_220' title='bbox 234 3383 308 3453; x_wconf 88' lang='lat' dir='ltr'>Lips.</span> <span class='ocrx_word' id='word_1_221' title='bbox 322 3396 348 3434; x_wconf 88' lang='lat' dir='ltr'>et</span> <span class='ocrx_word' id='word_1_222' title='bbox 359 3383 423 3436; x_wconf 88' lang='lat' dir='ltr'>alios</span> <span class='ocrx_word' id='word_1_223' title='bbox 435 3385 593 3454; x_wconf 85' lang='lat' dir='ltr'>interpretes</span> <span class='ocrx_word' id='word_1_224' title='bbox 638 3401 688 3454; x_wconf 92' lang='lat' dir='ltr'>pro</span> <span class='ocrx_word' id='word_1_225' title='bbox 703 3401 734 3434; x_wconf 86' lang='lat' dir='ltr'>ac</span> <span class='ocrx_word' id='word_1_226' title='bbox 748 3383 855 3436; x_wconf 84' lang='lat' dir='ltr'>diurnis.</span> <span class='ocrx_word' id='word_1_227' title='bbox 870 3382 935 3434; x_wconf 84' lang='lat' dir='ltr'>Orta</span> <span class='ocrx_word' id='word_1_228' title='bbox 951 3382 1021 3454; x_wconf 73' lang='lat' dir='ltr'>vulg.</span> <span class='ocrx_word' id='word_1_229' title='bbox 1039 3402 1071 3436; x_wconf 85' lang='lat' dir='ltr'>ex</span> <span class='ocrx_word' id='word_1_230' title='bbox 1083 3384 1143 3438; x_wconf 88' lang='lat' dir='ltr'>iite-</span> 
     </span>
     <span class='ocr_line' id='line_1_28' title="bbox 17 3456 737 3532; baseline 0.003 -24"><span class='ocrx_word' id='word_1_231' title='bbox 17 3527 18 3532; x_wconf 12' lang='grc'>1</span> <span class='ocrx_word' id='word_1_232' title='bbox 102 3456 131 3509; x_wconf 78' lang='lat' dir='ltr'>ad</span> <span class='ocrx_word' id='word_1_233' title='bbox 142 3461 223 3512; x_wconf 83' lang='lat' dir='ltr'>Tacit.</span> <span class='ocrx_word' id='word_1_234' title='bbox 235 3461 333 3514; x_wconf 80' lang='lat' dir='ltr'>Annei.</span> <span class='ocrx_word' id='word_1_235' title='bbox 346 3463 398 3529; x_wconf 83' lang='lat' dir='ltr'><strong>III,</strong></span> <span class='ocrx_word' id='word_1_236' title='bbox 414 3463 460 3528; x_wconf 80' lang='grc'>14,</span> <span class='ocrx_word' id='word_1_237' title='bbox 476 3466 535 3515; x_wconf 77' lang='lat' dir='ltr'>ude</span> <span class='ocrx_word' id='word_1_238' title='bbox 547 3481 594 3514; x_wconf 89' lang='lat' dir='ltr'>no·</span> <span class='ocrx_word' id='word_1_239' title='bbox 638 3463 674 3512; x_wconf 91' lang='lat' dir='ltr'>ris</span> <span class='ocrx_word' id='word_1_240' title='bbox 687 3471 737 3512; x_wconf 87' lang='lat' dir='ltr'>act.</span> 
     </span>
    </p>

    <p class='ocr_par' dir='ltr' id='par_1_6' title="bbox 17 3537 1145 3773">
     <span class='ocr_line' id='line_1_29' title="bbox 17 3537 1144 3612; baseline 0.004 -23"><span class='ocrx_word' id='word_1_241' title='bbox 17 3551 18 3584; x_wconf 67' lang='grc' dir='ltr'><strong>ξ</strong></span> <span class='ocrx_word' id='word_1_242' title='bbox 100 3555 139 3590; x_wconf 78' lang='lat' dir='ltr'>tas</span> <span class='ocrx_word' id='word_1_243' title='bbox 151 3537 285 3591; x_wconf 87' lang='lat' dir='ltr'>literarum</span> <span class='ocrx_word' id='word_1_244' title='bbox 302 3542 403 3594; x_wconf 84' lang='lat' dir='ltr'>formas</span> <span class='ocrx_word' id='word_1_245' title='bbox 420 3540 522 3592; x_wconf 89' lang='lat' dir='ltr'>addidit</span> <span class='ocrx_word' id='word_1_246' title='bbox 536 3541 594 3594; x_wconf 84' lang='lat' dir='ltr'>vul·</span> <span class='ocrx_word' id='word_1_247' title='bbox 673 3541 752 3590; x_wconf 81' lang='lat' dir='ltr'><strong>XLII.</strong></span> <span class='ocrx_word' id='word_1_248' title='bbox 782 3556 804 3590; x_wconf 94' lang='grc'>1.</span> <span class='ocrx_word' id='word_1_249' title='bbox 832 3539 952 3592; x_wconf 81' lang='lat' dir='ltr'>Paratus.</span> <span class='ocrx_word' id='word_1_250' title='bbox 976 3541 1082 3612; x_wconf 89' lang='lat' dir='ltr'>Optime</span> <span class='ocrx_word' id='word_1_251' title='bbox 1106 3543 1144 3594; x_wconf 92' lang='lat' dir='ltr'>ita</span> 
     </span>
     <span class='ocr_line' id='line_1_30' title="bbox 100 3615 1145 3693; baseline 0.002 -22"><span class='ocrx_word' id='word_1_252' title='bbox 100 3620 226 3692; x_wconf 65' lang='lat' dir='ltr'>geritque,</span> <span class='ocrx_word' id='word_1_253' title='bbox 237 3634 389 3692; x_wconf 82' lang='lat' dir='ltr'>comperto,</span> <span class='ocrx_word' id='word_1_254' title='bbox 399 3622 517 3675; x_wconf 72' lang='lat' dir='ltr'>Graecam</span> <span class='ocrx_word' id='word_1_255' title='bbox 530 3641 595 3693; x_wconf 90' lang='lat' dir='ltr'>quo·</span> <span class='ocrx_word' id='word_1_256' title='bbox 639 3615 943 3687; x_wconf 58' lang='lat' dir='ltr'>Memmaliiquetutg.</span> <span class='ocrx_word' id='word_1_257' title='bbox 950 3620 1061 3690; x_wconf 80' lang='lat' dir='ltr'>peritus,</span> <span class='ocrx_word' id='word_1_258' title='bbox 1070 3620 1145 3691; x_wconf 88' lang='lat' dir='ltr'>quod</span> 
     </span>
     <span class='ocr_line' id='line_1_31' title="bbox 101 3693 1142 3773; baseline 0.003 -24"><span class='ocrx_word' id='word_1_259' title='bbox 101 3717 145 3768; x_wconf 82' lang='lat' dir='ltr'>quc</span> <span class='ocrx_word' id='word_1_260' title='bbox 153 3699 314 3752; x_wconf 86' lang='lat' dir='ltr'>literaturam</span> <span class='ocrx_word' id='word_1_261' title='bbox 325 3720 380 3754; x_wconf 91' lang='lat' dir='ltr'>non</span> <span class='ocrx_word' id='word_1_262' title='bbox 390 3702 468 3755; x_wconf 86' lang='lat' dir='ltr'>simul</span> <span class='ocrx_word' id='word_1_263' title='bbox 480 3714 593 3773; x_wconf 86' lang='lat' dir='ltr'>coeptam</span> <span class='ocrx_word' id='word_1_264' title='bbox 640 3700 773 3749; x_wconf 84' lang='lat' dir='ltr'>incassum</span> <span class='ocrx_word' id='word_1_265' title='bbox 793 3693 912 3747; x_wconf 83' lang='lat' dir='ltr'>defendit</span> <span class='ocrx_word' id='word_1_266' title='bbox 930 3697 1075 3751; x_wconf 84' lang='lat' dir='ltr'>Burmann.</span> <span class='ocrx_word' id='word_1_267' title='bbox 1097 3701 1142 3754; x_wconf 87' lang='lat' dir='ltr'>Vis</span> 
     </span>
    </p>
   </div>
   <div class='ocr_carea' id='block_1_4' title="bbox 17 3777 1144 4012">
    <p class='ocr_par' dir='ltr' id='par_1_7' title="bbox 17 3777 1144 4012">
     <span class='ocr_line' id='line_1_32' title="bbox 17 3777 1144 3854; baseline 0.004 -25"><span class='ocrx_word' id='word_1_268' title='bbox 17 3811 18 3822; x_wconf 75' lang='lat'>.</span> <span class='ocrx_word' id='word_1_269' title='bbox 100 3777 606 3854; x_wconf 49' lang='lat' dir='ltr'>absolutamque...Nobisquoquepau·¹</span> <span class='ocrx_word' id='word_1_270' title='bbox 640 3792 729 3832; x_wconf 88' lang='lat' dir='ltr'>autem</span> <span class='ocrx_word' id='word_1_271' title='bbox 737 3779 872 3830; x_wconf 75' lang='lat' dir='ltr'>sententie</span> <span class='ocrx_word' id='word_1_272' title='bbox 881 3779 953 3830; x_wconf 89' lang='lat' dir='ltr'>estin</span> <span class='ocrx_word' id='word_1_273' title='bbox 963 3793 1060 3845; x_wconf 82' lang='lat' dir='ltr'>nostro,</span> <span class='ocrx_word' id='word_1_274' title='bbox 1071 3780 1144 3852; x_wconf 90' lang='lat' dir='ltr'>quod</span> 
     </span>
     <span class='ocr_line' id='line_1_33' title="bbox 17 3858 1143 3931; baseline 0.004 -22"><span class='ocrx_word' id='word_1_275' title='bbox 17 3869 18 3884; x_wconf 70' lang='lat'><em>³</em></span> <span class='ocrx_word' id='word_1_276' title='bbox 101 3875 132 3909; x_wconf 78' lang='lat' dir='ltr'>ce</span> <span class='ocrx_word' id='word_1_277' title='bbox 147 3863 261 3931; x_wconf 87' lang='lat' dir='ltr'>primurn</span> <span class='ocrx_word' id='word_1_278' title='bbox 281 3862 370 3924; x_wconf 79' lang='lat' dir='ltr'>fuere3</span> <span class='ocrx_word' id='word_1_279' title='bbox 390 3861 486 3914; x_wconf 87' lang='lat' dir='ltr'>deinde</span> <span class='ocrx_word' id='word_1_280' title='bbox 500 3860 594 3914; x_wconf 78' lang='lat' dir='ltr'>additae</span> <span class='ocrx_word' id='word_1_281' title='bbox 639 3858 766 3913; x_wconf 79' lang='lat' dir='ltr'>Claudius</span> <span class='ocrx_word' id='word_1_282' title='bbox 784 3861 904 3912; x_wconf 69' lang='lat' dir='ltr'>Graecum</span> <span class='ocrx_word' id='word_1_283' title='bbox 924 3877 1075 3912; x_wconf 88' lang='lat' dir='ltr'>sermonem</span> <span class='ocrx_word' id='word_1_284' title='bbox 1094 3881 1143 3914; x_wconf 86' lang='lat' dir='ltr'>suo</span> 
     </span>
     <span class='ocr_line' id='line_1_34' title="bbox 17 3940 1144 4012; baseline 0.003 -23"><span class='ocrx_word' id='word_1_285' title='bbox 17 3971 18 3980; x_wconf 75' lang='lat'>.</span> <span class='ocrx_word' id='word_1_286' title='bbox 100 3950 161 3990; x_wconf 76' lang='lat' dir='ltr'>tunt.</span> <span class='ocrx_word' id='word_1_287' title='bbox 175 3941 236 4008; x_wconf 91' lang='lat' dir='ltr'>Quo</span> <span class='ocrx_word' id='word_1_288' title='bbox 256 3940 378 4012; x_wconf 83' lang='lat' dir='ltr'>exemplo</span> <span class='ocrx_word' id='word_1_289' title='bbox 397 3941 523 3994; x_wconf 88' lang='lat' dir='ltr'>Claudius</span> <span class='ocrx_word' id='word_1_290' title='bbox 543 3955 594 3994; x_wconf 88' lang='lat' dir='ltr'>tres</span> <span class='ocrx_word' id='word_1_291' title='bbox 638 3942 1144 4012; x_wconf 80' lang='lat' dir='ltr'>patrioquccomparat‚aequcnostrum</span> 
     </span>
    </p>
   </div>
   <div class='ocr_carea' id='block_1_5' title="bbox 17 4017 1144 4094">
    <p class='ocr_par' dir='ltr' id='par_1_8' title="bbox 17 4017 1144 4094">
     <span class='ocr_line' id='line_1_35' title="bbox 17 4017 1144 4094; baseline 0.003 -24"><span class='ocrx_word' id='word_1_292' title='bbox 17 4033 19 4088; x_wconf 65' lang='lat'><strong>1</strong></span> <span class='ocrx_word' id='word_1_293' title='bbox 100 4017 178 4074; x_wconf 83' lang='lat' dir='ltr'>Iiteras</span> <span class='ocrx_word' id='word_1_294' title='bbox 192 4022 305 4093; x_wconf 81' lang='lat' dir='ltr'>adjecit,</span> <span class='ocrx_word' id='word_1_295' title='bbox 323 4041 382 4094; x_wconf 79' lang='lat' dir='ltr'>quae</span> <span class='ocrx_word' id='word_1_296' title='bbox 396 4025 471 4089; x_wconf 89' lang='lat' dir='ltr'>usui,</span> <span class='ocrx_word' id='word_1_297' title='bbox 485 4024 595 4094; x_wconf 87' lang='lat' dir='ltr'>imperi·</span> <span class='ocrx_word' id='word_1_298' title='bbox 640 4021 740 4073; x_wconf 79' lang='lat' dir='ltr'>dicens.</span> <span class='ocrx_word' id='word_1_299' title='bbox 759 4021 869 4072; x_wconf 85' lang='lat' dir='ltr'>Temere</span> <span class='ocrx_word' id='word_1_300' title='bbox 890 4019 1021 4072; x_wconf 87' lang='lat' dir='ltr'>omittitur</span> <span class='ocrx_word' id='word_1_301' title='bbox 1040 4039 1055 4072; x_wconf 86' lang='lat' dir='ltr'>a</span> <span class='ocrx_word' id='word_1_302' title='bbox 1075 4041 1144 4073; x_wconf 91' lang='lat' dir='ltr'>non·</span> 
     </span>
    </p>
   </div>
   <div class='ocr_carea' id='block_1_6' title="bbox 17 4098 731 4174">
    <p class='ocr_par' dir='ltr' id='par_1_9' title="bbox 17 4098 731 4174">
     <span class='ocr_line' id='line_1_36' title="bbox 17 4098 731 4174; baseline -0.001 -22"><span class='ocrx_word' id='word_1_303' title='bbox 17 4141 18 4152; x_wconf 65' lang='grc'>,</span> <span class='ocrx_word' id='word_1_304' title='bbox 100 4111 227 4170; x_wconf 76' lang='lat' dir='ltr'>tantem,</span> <span class='ocrx_word' id='word_1_305' title='bbox 245 4114 309 4172; x_wconf 80' lang='lat' dir='ltr'>post</span> <span class='ocrx_word' id='word_1_306' title='bbox 328 4099 489 4169; x_wconf 79' lang='lat' dir='ltr'>obliterate,</span> <span class='ocrx_word' id='word_1_307' title='bbox 507 4101 596 4174; x_wconf 87' lang='lat' dir='ltr'>adspi-</span> <span class='ocrx_word' id='word_1_308' title='bbox 640 4098 731 4172; x_wconf 82' lang='lat' dir='ltr'>nullis.</span> 
     </span>
    </p>
   </div>
   <div class='ocr_carea' id='block_1_7' title="bbox 100 4176 1145 4332">
    <p class='ocr_par' dir='ltr' id='par_1_10' title="bbox 100 4176 1145 4332">
     <span class='ocr_line' id='line_1_37' title="bbox 100 4176 1145 4252; baseline 0.002 -24"><span class='ocrx_word' id='word_1_309' title='bbox 100 4179 199 4232; x_wconf 86' lang='lat' dir='ltr'>ciuntur</span> <span class='ocrx_word' id='word_1_310' title='bbox 217 4180 297 4232; x_wconf 87' lang='lat' dir='ltr'>etiam</span> <span class='ocrx_word' id='word_1_311' title='bbox 311 4198 384 4232; x_wconf 90' lang='lat' dir='ltr'>nunc</span> <span class='ocrx_word' id='word_1_312' title='bbox 400 4181 428 4232; x_wconf 89' lang='lat' dir='ltr'>in</span> <span class='ocrx_word' id='word_1_313' title='bbox 441 4199 492 4232; x_wconf 79' lang='lat' dir='ltr'>tere</span> <span class='ocrx_word' id='word_1_314' title='bbox 504 4179 595 4252; x_wconf 85' lang='lat' dir='ltr'>publi·</span> <span class='ocrx_word' id='word_1_315' title='bbox 678 4195 701 4230; x_wconf 83' lang='lat'>2.</span> <span class='ocrx_word' id='word_1_316' title='bbox 714 4177 844 4250; x_wconf 73' lang='lat' dir='ltr'>Perpetua</span> <span class='ocrx_word' id='word_1_317' title='bbox 854 4176 971 4228; x_wconf 82' lang='lat' dir='ltr'>oratione</span> <span class='ocrx_word' id='word_1_318' title='bbox 975 4198 984 4239; x_wconf 93' lang='lat'>‚·</span> <span class='ocrx_word' id='word_1_319' title='bbox 997 4176 1087 4228; x_wconf 78' lang='lat' dir='ltr'>Greca</span> <span class='ocrx_word' id='word_1_320' title='bbox 1097 4180 1145 4230; x_wconf 87' lang='lat' dir='ltr'>sci·</span> 
     </span>
     <span class='ocr_line' id='line_1_38' title="bbox 101 4255 1144 4332; baseline 0.002 -24"><span class='ocrx_word' id='word_1_321' title='bbox 101 4256 185 4312; x_wconf 81' lang='lat' dir='ltr'>caudis</span> <span class='ocrx_word' id='word_1_322' title='bbox 195 4258 341 4332; x_wconf 86' lang='lat' dir='ltr'>plebiscitis</span> <span class='ocrx_word' id='word_1_323' title='bbox 356 4277 404 4332; x_wconf 83' lang='lat' dir='ltr'>per</span> <span class='ocrx_word' id='word_1_324' title='bbox 417 4259 475 4312; x_wconf 81' lang='lat' dir='ltr'>fora</span> <span class='ocrx_word' id='word_1_325' title='bbox 490 4277 522 4314; x_wconf 85' lang='lat' dir='ltr'>ac</span> <span class='ocrx_word' id='word_1_326' title='bbox 531 4272 596 4312; x_wconf 85' lang='lat' dir='ltr'>tem·</span> <span class='ocrx_word' id='word_1_327' title='bbox 640 4258 716 4324; x_wconf 87' lang='lat' dir='ltr'>licet,</span> <span class='ocrx_word' id='word_1_328' title='bbox 731 4275 812 4328; x_wconf 85' lang='lat' dir='ltr'>quom</span> <span class='ocrx_word' id='word_1_329' title='bbox 824 4277 857 4310; x_wconf 89' lang='lat' dir='ltr'>ne</span> <span class='ocrx_word' id='word_1_330' title='bbox 868 4255 964 4309; x_wconf 64' lang='lat' dir='ltr'>Graccis</span> <span class='ocrx_word' id='word_1_331' title='bbox 978 4256 1085 4327; x_wconf 89' lang='lat' dir='ltr'>quidem</span> <span class='ocrx_word' id='word_1_332' title='bbox 1093 4259 1144 4310; x_wconf 86' lang='lat' dir='ltr'>nisi</span> 
     </span>
    </p>
   </div>
   <div class='ocr_carea' id='block_1_8' title="bbox 0 0 1538 5152">
    <p class='ocr_par' dir='ltr' id='par_1_11' title="bbox 0 0 1538 5152">
     <span class='ocr_line' id='line_1_39' title="bbox 0 0 1538 5152; baseline 0 0"><span class='ocrx_word' id='word_1_333' title='bbox 0 0 1538 5152; x_wconf 95' lang='lat' dir='ltr'> </span> 
     </span>
    </p>
   </div>
  </div>
 </body>
</html>
