3054 5152
396 533 459 602 158
767 534 801 598 C.
827 529 1061 598 SUETONII

390 683 453 756 per
463 657 598 753 jocum,
614 672 647 725 et
659 673 860 749 aspernante
871 658 1072 751 Agrippina,
1087 655 1179 752 quod
1192 674 1268 726 tum
1279 657 1439 729 Claudius

390 776 477 848 inter
490 768 635 838 ludibria
648 767 736 836 aulae
754 783 836 834 erat.
856 767 1030 836 Trimulus
1048 782 1179 861 patrem
1198 773 1326 838 amisit:
1342 767 1440 864 cujus

390 905 431 950 ex
451 896 547 974 parte
567 880 665 946 tertia
685 876 799 962 heres,
821 902 865 946 ne
883 878 971 947 hauc
988 875 1125 974 quidem
1145 881 1310 972 integram
1332 885 1438 974 oepit,

389 995 552 1087 correptis
568 1015 629 1085 per
645 989 846 1058 coheredem
858 976 1158 1059 Caium'universis
1172 992 1286 1060 bonis:
1308 1008 1343 1061 et
1360 992 1440 1062 sub-

389 1105 468 1174 inde
488 1120 596 1172 matre
619 1105 719 1170 etiam
742 1101 926 1194 relegata⁸,
949 1127 1047 1196 paene
1067 1106 1165 1196 inops
1188 1120 1290 1200 atque
1314 1127 1438 1197 egens,

389 1215 481 1310 apud
493 1217 629 1282 amitam
642 1212 804 1306 Lepidam
816 1216 963 1282 nutritus
980 1230 1048 1294 est,
1062 1214 1126 1283 suh
1138 1213 1271 1282 duobus
1285 1215 1441 1309 paedago-

390 1332 455 1424 gis,
478 1328 635 1395 saltatore
658 1342 760 1422 atque
781 1341 928 1395 tonsore.
950 1330 1077 1394 Verum
1097 1326 1235 1395 Claudio
1258 1329 1441 1420 imperium

389 1440 529 1533 adepto,
554 1462 624 1505 non
648 1437 758 1504 solum
779 1455 935 1530 paternas
959 1461 1040 1530 opes
1064 1441 1296 1530 recuperavit,
1321 1437 1382 1506 sed
1408 1454 1442 1506 et

387 1554 496 1644 Crispi
515 1553 681 1617 Passieni⁹
699 1553 806 1618 vitrici
824 1554 877 1617 sui
896 1550 1079 1620 hereditate
1097 1549 1222 1618 ditatus
1240 1566 1302 1618 est.
1325 1553 1441 1618 Gratia

388 1660 527 1758 quidem
540 1675 573 1726 et
584 1663 733 1752 potentia
748 1675 912 1728 revocatae
925 1663 1154 1754 restitutaeque
1166 1663 1317 1728 matris¹⁰
1329 1683 1441 1754 usque

389 1797 429 1840 eo
449 1770 578 1854 floruit,
598 1787 637 1837 ut
655 1787 827 1837 emanaret
844 1774 879 1837 in
900 1769 1041 1861 vulgus,
1060 1773 1180 1837 missos
1197 1793 1218 1835 a
1235 1772 1439 1855 Messalina,

389 1906 493 1952 uxore
513 1879 662 1963 Claudii,
684 1883 742 1974 qui
763 1905 842 1946 eum
862 1878 1113 1961 meridiantem‚
1138 1881 1234 1973 quasi
1257 1883 1442 1949 Britannici

388 1993 568 2076 aemulum,
586 1989 844 2083 strangularent.
861 1987 1021 2058 Additum
1034 1990 1158 2059 fobulae
1179 2001 1277 2074 est¹¹,
1300 1991 1441 2060 eosdem

388 2103 534 2171 dracone
559 2126 577 2169 e
600 2099 740 2194 pulvino
766 2124 801 2168 se
824 2100 1014 2193 proferente
1038 2102 1236 2168 conterritos
1259 2101 1439 2193 refugisse.

386 2220 471 2302 Quae
492 2211 606 2280 fabula
621 2229 737 2280 exorta
755 2226 822 2293 est,
839 2209 1058 2302 deprehensis
1072 2211 1207 2280 inlecto
1223 2207 1297 2302 ejus
1310 2215 1442 2280 circum

388 2323 562 2393 cervicalia
578 2325 744 2415 serpentis
761 2323 908 2404 exuviiS,
923 2345 1007 2417 quas
1022 2337 1155 2403 tamen,
1170 2345 1282 2420 aureae
1296 2322 1442 2390 armillae

387 2459 430 2502 ex
440 2433 613 2503 voluntate
624 2435 741 2501 matris
755 2429 918 2515 inclusas,
931 2430 1049 2499 dextro
1065 2429 1202 2500 brachio
1219 2435 1366 2526 gestavit
1382 2431 1442 2501 ali·

387 2544 569 2640 quamdiu;
590 2567 630 2611 ao
650 2541 749 2611 toedio
770 2539 907 2610 tandem
925 2559 1087 2610 maternas
1103 2545 1276 2610 memorioe
1295 2540 1442 2636 abjecit3

387 2679 572 2750 rursusque
585 2657 741 2722 extremis
755 2656 824 2721 suis
836 2654 937 2721 rebus
949 2653 1075 2722 frustra
1086 2655 1271 2750 requisivit.

433 2770 507 2833 v11.
533 2771 644 2834 Tener
655 2765 785 2848 adhuc,
799 2767 945 2834 necdum
957 2784 1088 2837 matura
1100 2767 1262 2858 pueritia,
1277 2767 1445 2835 Circensi-

386 2878 451 2946 bus
472 2877 561 2945 ludis
580 2875 717 2970 Trojam
738 2879 1007 2944 constantissime
1027 2875 1325 2970 favorabiliterque
1348 2877 1441 2944 lusit

387 2988 575 3057 Undecimo
587 2991 694 3056 aetatis
709 3004 816 3054 anno¹
831 3013 851 3054 a
862 2987 1001 3062 Claudio
1016 2985 1194 3079 adoptatus
1210 3003 1279 3069 est,
1295 2994 1442 3056 Annaeo

422 3209 447 3261 8.
467 3211 553 3261 Matre
569 3209 648 3262 etiam
662 3207 783 3284 relepata.
796 3209 837 3260 Cf.
854 3208 889 3261 ad
932 3225 1005 3260 verse
1016 3209 1100 3260 Tacit.
1116 3207 1209 3258 Annal.
1221 3207 1274 3274 xl,
1290 3223 1340 3259 tr:
1356 3206 1443 3262 «an-

385 3287 467 3358 Calig.
481 3309 540 3359 cap.
555 3288 595 3355 ²¹l·
932 3285 1111 3357 gebaturqne,
1123 3285 1239 3338 admisse
1248 3287 1370 3338 infantia
1381 3286 1444 3338 dra·

421 3385 446 3436 9.
468 3368 550 3440 Crispi
563 3370 679 3420 Passieni
682 3391 691 3428 ,·
707 3369 750 3419 cui
762 3380 823 3438 post
835 3367 889 3419 Do·
933 3386 1013 3419 eones
1025 3368 1052 3418 in
1066 3366 1173 3418 modum
1184 3365 1327 3418 custodum
1339 3387 1347 3428 ;
1359 3365 1445 3418 faba·

387 3447 452 3498 mitii
467 3460 578 3499 mortem
593 3460 720 3519 nupserat
733 3450 887 3519 Agrippina.
932 3444 989 3497 losa
1009 3459 1033 3498 et
1052 3448 1165 3498 externis
1185 3444 1318 3496 miraculis
1338 3449 1446 3497 assimi-

384 3526 451 3579 vide
460 3527 530 3597 Lips.
544 3522 575 3578 ad
585 3529 670 3580 Tacit.
680 3528 775 3579 Annal.
786 3529 847 3595 Xll,
857 3527 887 3595 6,
933 3525 994 3577 lata.
1008 3528 1075 3577 Nam
1087 3527 1159 3597 ipse,
1172 3525 1389 3597 haudquaquam
1401 3528 1446 3580 sui

385 3620 411 3659 et
422 3607 534 3659 Reimar.
549 3606 583 3658 ad
595 3609 693 3679 Xiphil.
705 3611 754 3675 vl,
771 3623 810 3678 17.
933 3603 1078 3670 detractor,
1095 3623 1175 3656 unam
1190 3604 1300 3654 omnino
1322 3623 1447 3674 anguem

419 3687 601 3738 10.1levocatoe
607 3687 888 3758 restitutoeqaematris;
932 3685 960 3735 in
972 3683 1096 3735 cubiculo
1111 3685 1209 3749 utam,
1222 3699 1331 3735 narrare
1344 3685 1445 3736 solitus

386 3785 400 3819 a
412 3764 532 3818 Claudio.
549 3765 616 3816 Vide
628 3764 661 3818 atl
673 3765 766 3818 Claud.
783 3781 821 3818 12.
933 3777 980 3816 est.
992 3787 1003 3811 a

424 3844 887 3920 11.Additumfabnloeest,eto.Lips.
970 3845 1023 3894 vn.
1043 3857 1064 3893 t.
1088 3841 1229 3892 Undecimo
1248 3840 1332 3893 oetutt's
1349 3858 1447 3910 anno,

385 3923 556 3992 emendabat,
566 3925 664 3977 Addita
670 3925 769 3996 fabula
783 3937 825 3979 est.
837 3925 887 3978 Sed
933 3935 983 3975 ete.
996 3921 1146 3994 Adoptatus
1158 3935 1198 3973 est
1211 3921 1240 3972 C.
1254 3921 1393 3987 Antistio,
1405 3924 1447 3974 M.

384 4004 453 4076 vulg.
476 4003 544 4055 bene
564 4022 592 4055 se
616 4001 705 4055 habet.
728 4003 827 4055 Fabula
848 4019 886 4057 est
931 4001 1013 4053 Snilio
1027 4005 1101 4054 Coss.
1118 4019 1177 4053 ann.
1197 4000 1257 4052 803:
1276 3999 1364 4052 Tacit.
1387 4003 1448 4053 An-

383 4086 517 4152 narratio,
531 4104 588 4156 quae
599 4085 625 4134 in
635 4083 729 4154 vulgus
739 4100 886 4153 emanarat,
931 4078 984 4132 nal.
1007 4081 1072 4144 ΧΠ,
1095 4079 1136 4132 25.
1160 4077 1335 4132 Scribendnm
1356 4079 1449 4152 igitur

384 4183 468 4238 eaque
482 4161 569 4215 dubiae
583 4161 653 4214 fidei.
669 4163 750 4228 ilem,
765 4163 805 4213 uti
821 4163 886 4216 Sue·
931 4163 1105 4229 Duodecimo,
1120 4173 1150 4213 ut
1163 4161 1253 4232 Lipsio
1269 4159 1302 4212 atl
1319 4159 1380 4214 loc.
1399 4165 1446 4214 eit.

383 4246 489 4308 tonius,
502 4253 593 4293 narrat
603 4237 702 4313 xiphit.
715 4241 787 4308 Lxl,
804 4259 826 4293 2.
839 4242 887 4294 Di·
931 4243 1028 4307 visum,
1039 4239 1169 4293 ueletiam
1181 4239 1399 4308 Tertiodeeimo,
1415 4255 1447 4291 ut
