3068 5144
389 563 455 628 310
515 561 518 570 ’
622 615 627 624 .
763 567 798 629 C.
825 563 1057 631 SUETONll

386 708 496 772 uerat,
518 695 771 785 exposcentium
789 693 927 784 praemia
945 692 989 759 ob
1008 690 1133 759 editam
1149 695 1184 758 in
1203 690 1295 760 caede
1313 689 1431 759 Galbae

386 823 539 893 operam,
556 806 727 896 conquiri,
744 820 778 870 et
797 802 964 896 supplicio
977 804 1065 870 affici
1083 806 1281 896 imperavit:
1298 805 1431 896 egregie

385 935 526 1004 prorsus
549 928 650 1006 atque
674 913 867 1004 magnifice,
889 930 922 981 et
941 931 979 981 ut
1002 917 1126 982 summi
1151 917 1313 1008 Principis
1335 937 1432 1006 spem

387 1021 593 1106 ostenderet,
605 1027 669 1091 nisi
678 1041 789 1092 cetera
799 1028 905 1116 magis
917 1049 956 1122 err
966 1040 1101 1110 natura,
1113 1043 1146 1092 et
1154 1028 1266 1118 priore
1276 1027 1342 1092 vita
1354 1047 1431 1106 sua,

386 1157 488 1226 quam
507 1157 549 1199 ex
565 1135 696 1225 imperii
710 1131 884 1227 majestate
901 1138 1067 1226 gessisset.
1084 1141 1236 1229 Namque
1251 1139 1372 1205 itinere
1385 1138 1434 1200 in·

385 1241 543 1324 choatol,
557 1267 618 1336 per
635 1242 761 1311 medias
776 1247 926 1312 civitates
941 1249 1006 1312 ritu
1021 1246 1302 1338 triumphantium
1315 1261 1433 1312 vectus

386 1369 437 1422 est
453 1380 459 1419 :
479 1379 607 1448 perque
624 1353 765 1422 flumina
781 1354 1025 1424 delicatissimis
1042 1361 1199 1449 navigiis,
1215 1373 1249 1424 et
1263 1359 1434 1423 variarum

384 1487 585 1531 caronarum
596 1489 717 1556 genere
727 1465 905 1550 redimitis,
917 1470 1005 1535 inter
1013 1468 1266 1560 profusissimos
1275 1469 1434 1560 opsonio·

385 1599 462 1642 rum
473 1593 671 1668 apparatus,
685 1575 777 1645 nulla
792 1579 927 1647 familiae
937 1596 996 1647 aut
1010 1580 1124 1647 militis
1140 1575 1334 1672 disciplina,
1347 1579 1434 1669 rapi·

384 1711 445 1753 nas
463 1711 503 1753 ac
520 1687 761 1780 petulantiam⁵
779 1693 930 1757 omniurn
948 1694 982 1758 in
993 1689 1110 1784 jocum
1126 1707 1277 1773 vertens,
1290 1692 1432 1782 quinon

383 1801 531 1865 contenti
557 1798 658 1890 epulo
680 1800 803 1894 ubique
823 1799 955 1892 publice
973 1803 1133 1894 praebito,
1153 1822 1377 1896 quoscunque
1396 1796 1433 1864 li·

383 1909 527 1990 buisset,
539 1911 573 1974 in
585 1908 771 1978 libertatem
783 1911 993 1993 asserebant,
1004 1911 1141 1980 verbera
1154 1928 1187 1979 et
1200 1910 1329 2003 plagae,
1343 1931 1433 2001 saepe

384 2019 542 2102 vulnera,
563 2045 812 2115 nonnunquam
835 2046 972 2104 necem,
994 2022 1295 2117 repraesenmntes⁶
1315 2019 1435 2088 adven

383 2129 546 2200 sentibus.
560 2136 673 2227 thue
684 2157 837 2226 campos,
852 2136 886 2202 in
900 2134 1023 2230 quibus
1034 2151 1221 2227 pugnatum
1235 2149 1301 2211 est,
1312 2129 1433 2210 rediit,

383 2379 449 2414 nore
462 2363 564 2427 Gatbae,
581 2363 628 2416 sed
642 2365 739 2416 tradito
755 2367 883 2437 Principi·
928 2369 1065 2440 gregibus,
1077 2382 1103 2420 et
1116 2381 1205 2421 cetero
1214 2365 1374 2416 Nerohianae
1388 2375 1436 2411 au·

383 2443 433 2513 bus
452 2463 537 2508 more,
557 2447 749 2497 munimentum
766 2447 800 2498 ad
818 2467 885 2518 prte-
929 2448 959 2498 lte
982 2450 1125 2519 ingenim·
1146 2465 1204 2518 cap.
1226 2447 1270 2515 87,
1288 2439 1431 2493 “Vitelliut

384 2542 458 2588 sens,
476 2526 503 2575 in
518 2537 655 2595 posterum
670 2526 805 2579 ultionem.
818 2552 829 2574 ι
844 2528 884 2578 Cf.
930 2529 1087 2578 contemtio?
1100 2528 1127 2577 in
1140 2523 1195 2577 dies
1210 2523 1383 2593 segniorque‚
1400 2517 1435 2570 ad

383 2601 518 2654 Plutarch.
529 2602 606 2654 Galb.
616 2622 641 2654 c.
654 2621 697 2673 27.
708 2603 779 2656 Idem
791 2605 886 2656 accidit
931 2623 1023 2656 omnes
1038 2605 1242 2674 municipiorum
1260 2601 1433 2672 villarumque

384 2695 446 2753 post
452 2680 515 2733 tulii
525 2682 632 2733 Ocsaris
643 2684 750 2735 cedem.
758 2684 824 2736 Vide
835 2686 886 2756 Ap·
932 2687 1095 2736 amoenitates
1103 2686 1227 2736 resistens
1235 2721 1243 2748 ‚
1252 2683 1325 2751 pravi
1333 2679 1434 2731 Urbem

384 2762 457 2832 pian.
472 2758 534 2814 Bell.
546 2762 601 2813 civ.
615 2763 652 2824 ll,
667 2779 723 2832 ¹¹9·
932 2767 1036 2834 agmine
1051 2764 1170 2835 petebat,
1185 2775 1235 2814 cte.
1247 2784 1258 2806 ι

423 2840 447 2907 4,
458 2841 581 2914 Nataque
591 2841 681 2894 itinere
691 2843 825 2912 inchoato,
835 2860 885 2897 etc.
967 2845 991 2897 5.
1012 2846 1126 2917 Rapinas
1137 2864 1168 2896 ac
1178 2839 1370 2912 petulantiam,
1382 2849 1433 2888 etc.

386 2917 484 2990 Saepius
498 2921 606 2974 Tacitus
620 2918 654 2972 de
670 2920 722 2972 hoc
736 2921 832 2974 Vitellii
845 2927 888 2976 iti·
931 2923 999 2974 Vide
1009 2925 1092 2975 Tacit.
1107 2925 1142 2988 tt,
1156 2923 1189 2976 56
1202 2933 1227 2974 et
1239 2921 1281 2989 87.

385 3019 462 3064 nere,
480 3000 586 3052 luxuriae
605 3000 770 3072 licentiaeque
791 3003 886 3073 pleno,
967 3003 992 3054 6.
1004 2993 1432 3073 Reproesentantes.Supra,Claud.

386 3093 416 3131 ut
428 3083 467 3144 11,
481 3079 529 3146 62,
546 3079 710 3150 «Epularum
725 3080 794 3133 freda
807 3095 833 3133 et
847 3085 888 3134 in·
932 3081 980 3146 34,
996 3092 1124 3134 tomento
1138 3089 1317 3151 representare
1327 3075 1362 3128 de
1377 3094 1435 3146 pos·

387 3160 524 3230 explebilis
546 3160 627 3212 libido
639 3183 646 3224 3
666 3179 698 3212 ex
717 3161 789 3212 Urbe
808 3171 887 3234 atque
931 3161 986 3222 nis,
998 3179 1062 3231 quas
1075 3161 1149 3212 nlora
1159 3158 1231 3211 nulla
1242 3155 1369 3209 Claudius
1378 3155 1433 3206 cxi·

386 3240 887 3313 ltaliairritamentagnlaegestabantur,
932 3239 1020 3311 flebat.

388 3321 565 3392 strepentibus
576 3320 609 3370 ab
617 3333 731 3391 utroque
741 3323 888 3374 mariitiue·
970 3336 993 3388 7.
1018 3319 1101 3389 thue
1120 3333 1263 3387 euripos...
1281 3313 1363 3379 adiit,
1383 3326 1434 3365 etc.

387 3401 475 3463 ribus3
485 3401 604 3453 exhausti
615 3403 794 3453 conviviorum
807 3422 890 3473 appa·
932 3399 1015 3449 Tacit.
1033 3397 1127 3448 ilistor.
1141 3397 1176 3459 ll,
1190 3411 1237 3463 70,
1253 3393 1339 3446 slnde
1350 3391 1434 3445 Vitel-

386 3481 488 3533 ratibus
498 3484 630 3552 principes
643 3483 792 3544 civitatum,
805 3497 889 3534 vasta·
932 3476 983 3529 lius
993 3479 1150 3528 Cremonam
1163 3475 1247 3541 flexit,
1261 3487 1300 3541 et,
1312 3486 1433 3545 spectato

386 3561 484 3612 bantur
493 3565 554 3632 ipse
564 3563 695 3623 civitatee
709 3561 888 3634 degenerabat
932 3575 1040 3607 munere
1058 3555 1179 3620 erectae,
1194 3555 1315 3607 insistere
1332 3554 1436 3604 Betria-

387 3659 400 3690 a
415 3639 507 3691 labore
519 3659 550 3692 ac
561 3643 654 3690 virtute
666 3638 753 3703 miles,
766 3639 888 3691 adsuetu-
933 3634 1056 3687 censibus
1064 3635 1177 3706 campis,
1189 3653 1219 3685 ac
1227 3635 1335 3704 vestigia
1345 3650 1436 3684 recen-

386 3718 447 3770 dine
463 3715 630 3789 voluptatum
647 3729 672 3767 et
688 3730 824 3768 contemtu
838 3716 887 3768 du·
932 3717 964 3765 tis
979 3714 1094 3766 victorie
1108 3713 1221 3766 lustrare
1237 3711 1321 3764 oculis
1335 3730 1436 3763 coucu-

386 3799 458 3861 cis3»
480 3815 539 3866 cap.
560 3796 610 3859 68,
633 3793 734 3866 «Apud
751 3795 885 3848 Vitellium
931 3793 1006 3863 pivir.
1020 3791 1129 3845 Fcedum
1146 3805 1226 3863 atque
1240 3805 1316 3843 atrox
1330 3805 1435 3861 specta·

386 3879 473 3928 omnia
482 3875 651 3945 indisposita,
663 3875 820 3942 temulenta,
830 3895 887 3947 per·
932 3871 1059 3923 culum...
1072 3874 1104 3923 Et
1114 3883 1201 3938 erant,
1215 3888 1283 3942 quos
1293 3871 1367 3921 varia
1377 3869 1433 3922 fors

383 3954 477 4024 vigiliis
486 3973 515 4005 ac
525 3951 746 4019 bacchanalibus,
758 3953 884 4026 quamdi·
929 3969 1030 4016 rerum,
1040 3949 1205 4021 lacrimaeque
1216 3963 1241 4002 et
1251 3947 1436 4002 misericordia

384 4033 499 4104 sciplintr
508 4043 533 4082 et
544 4033 645 4098 castris,
654 4035 813 4103 propiorem
824 4051 882 4103 cap.
931 4028 1039 4081 subiret.
1050 4033 1085 4081 At
1094 4048 1148 4080 non
1156 4027 1277 4081 Vitellius
1287 4027 1360 4079 llexit
1369 4047 1433 4079 ocu·

385 4129 428 4181 71,
448 4113 575 4178 «Quanto
592 4113 674 4180 magis
688 4111 885 4182 propinquabat
929 4107 987 4174 los,
1010 4109 1059 4160 nec
1080 4121 1121 4160 tot
1139 4108 1219 4160 millia
1238 4108 1432 4178 insepultorum

383 4188 492 4257 (Urbi),
508 4201 582 4238 tanto
597 4191 747 4260 corruptius
759 4192 816 4254 iter,
835 4191 884 4240 im·
929 4189 1026 4240 civium
1041 4187 1186 4240 exhorruit.
1200 4187 1284 4239 Laetus
1298 4185 1388 4252 ultro,
1407 4199 1434 4238 et

383 4269 466 4325 mixtis
489 4266 660 4321 histrionibus
682 4283 708 4322 et
732 4267 882 4340 spadonum
928 4282 981 4322 tam
993 4272 1149 4342 propinqua
1163 4269 1241 4323 sortis
1252 4269 1434 4338 ignarusfin«
