3048 5142
411 485 484 604 '224
792 518 830 581 c,
855 515 1088 584 sunrouu

416 649 476 718 sed
491 662 529 714 tu
542 645 676 715 culeum
693 647 875 712 meruisti.»
894 647 1086 737 Ascriptum
1103 659 1138 712 et
1151 643 1330 728 columnis,
1351 650 1437 714 «lam

371 761 374 776 ²
415 755 549 828 Gallos⁶
568 782 647 825 eum
671 755 840 824 cantando
861 759 1054 824 excitasse.»
1077 760 1154 824 Jam
1175 755 1326 824 noctibus
1341 753 1438 851 jurgia

416 894 495 938 cum
509 872 612 937 servis
630 867 783 962 plerique
800 867 1012 954 simulanter,
1032 866 1150 936 crebro
1167 868 1320 935 vindicem
1337 892 1437 962 posce·

416 981 528 1049 baut7.

461 1093 577 1157 XLVI.
602 1089 805 1158 Terrebatur
823 1086 866 1156 ad
883 1088 947 1157 hoc
961 1089 1170 1160 evidentibus
1188 1093 1347 1184 portentis
1362 1113 1438 1159 sont·

415 1203 550 1270 niorum
561 1217 597 1268 et
609 1202 834 1294 auspiciorum
846 1218 880 1269 et
890 1204 1055 1285 ominum,
1071 1227 1176 1298 quum
1188 1201 1436 1285 veteribus,tum
1509 1225 1511 1280 j

415 1315 522 1379 novis.
543 1317 725 1405 Nunquam
744 1327 842 1380 antee
860 1314 1027 1380 somniare
1043 1311 1178 1398 solima,
1197 1313 1306 1380 occisa
1321 1311 1437 1379 demum

415 1437 533 1505 matre,
552 1419 636 1488 vidit
657 1442 719 1512 per
734 1423 897 1514 quietem,
919 1445 1039 1490 navem
1059 1421 1121 1488 sibi
1137 1424 1267 1514 regenti
1289 1437 1438 1490 extortam

416 1529 702 1626 gubernaculum
722 1529 877 1626 trahique
898 1555 934 1600 se
949 1531 992 1599 ab
1006 1534 1144 1600 Octavia
1159 1555 1265 1600 uxore
1286 1533 1320 1598 in
1332 1534 1437 1600 artissi-

415 1665 488 1710 mas
504 1639 697 1708 tenebras¹:
718 1655 752 1708 et
765 1639 867 1709 modo
881 1657 1103 1733 pernotatum
1117 1640 1331 1710 formicarum
1345 1640 1439 1708 multi·

415 1750 533 1820 tudine
548 1749 695 1844 oppleri,
721 1749 822 1819 modo
840 1775 861 1817 a
881 1750 1066 1819 simulacris
1085 1754 1276 1844 gentium2,
1297 1751 1339 1819 ad
1358 1757 1439 1819 Pom-

414 2002 484 2042 stum
496 1988 529 2042 de
544 2004 571 2043 te
583 1988 726 2060 judicium,
743 1991 807 2064 quid
820 1992 912 2063 potui,
960 2003 966 2014 ‘
995 2011 1019 2063 7.
1050 1993 1187 2047 Vindicem
1206 1994 1352 2066 poscebant.
1372 1993 1439 2046 llecte

414 2072 465 2122 uitri
483 2070 552 2122 boc?
564 2069 612 2123 sed
631 2083 674 2136 tn,
689 2071 711 2122 si
725 2070 797 2142 leges
810 2072 913 2138 valent,
957 2072 1103 2144 respondet
1116 2072 1249 2126 Waltber.
1266 2073 1373 2126 Obserr.
1389 2091 1439 2145 pap.

414 2163 444 2202 ut
453 2151 591 2205 matricida
602 2151 706 2204 culeum
716 2153 864 2204 mamisti-
875 2154 915 2204 lta
960 2155 1143 2224 27,lirnestio‚
1152 2155 1250 2206 frustra
1259 2152 1394 2206 formulam
1402 2154 1439 2206 ali·

415 2248 526 2282 acumen
545 2233 624 2284 etiam
643 2244 682 2284 est
699 2233 726 2283 in
745 2231 914 2284 similitudine
959 2249 1039 2301 qnam
1060 2234 1206 2302 querenti,
1225 2233 1254 2282 iu
1275 2249 1330 2302 qua
1346 2230 1439 2282 vindicis

414 2327 546 2381 ascoperte
559 2323 584 2362 et
598 2310 680 2376 culei,
695 2323 722 2362 et
735 2312 762 2364 iu
774 2309 913 2380 indigitare
932 2317 940 2328 ⁶
955 2309 1066 2361 verbum
1084 2323 1241 2380 usurpetur,
1260 2327 1315 2362 uon
1336 2311 1439 2379 cogitau-

414 2392 516 2442 minore
528 2404 554 2444 et
565 2393 663 2460 majore
673 2409 760 2463 poena.
771 2390 914 2464 Praeplacet
957 2386 1022 2439 dum
1033 2387 1066 2440 de
1076 2387 1204 2453 formula,
1214 2387 1262 2441 sed
1272 2389 1394 2442 vindicem
1401 2407 1440 2460 po·

413 2481 516 2535 tamen,
530 2487 587 2540 que
597 2481 692 2520 noatrra
703 2470 913 2540 interpretationi
955 2486 1022 2521 acere
1040 2486 1097 2522 esse
1115 2465 1263 2520 «auxilium
1283 2469 1389 2540 alicujus
1400 2471 1440 2520 in-

411 2564 521 2616 prorsua
536 2548 672 2612 convenit,
684 2551 837 2618 conjectura
847 2550 913 2600 Tor-
942 2561 944 2566 ⁴
955 2545 1073 2617 plorare,
1081 2557 1167 2598 utnon
1174 2545 1293 2599 vindicet
1301 2546 1335 2599 ab
1342 2545 1438 2610 alteru·

414 2628 504 2692 rentii,
515 2626 912 2698 aEpoquodpotui‚·acil.feci
957 2644 988 2678 ex
1006 2628 1098 2693 Festo,
1117 2649 1129 2673 ι
1141 2625 1245 2680 Vindex
1263 2624 1298 2676 ab
1316 2643 1364 2691 eo,
1382 2623 1441 2696 quod

412 2704 454 2757 vel
466 2706 589 2777 prastiti3
603 2727 614 2750 ι
626 2702 672 2756 sed
683 2716 726 2771 tu,
739 2717 789 2756 etc.
800 2728 812 2752 ι
956 2703 1088 2770 vindicat,
1103 2721 1156 2776 quo
1168 2706 1256 2756 miuus
1270 2704 1308 2770 is,
1321 2705 1367 2774 qui
1376 2719 1441 2774 pren·

447 2785 472 2838 6.
483 2785 545 2836 Jum
557 2783 661 2850 Gallos,
672 2795 722 2835 etc.
735 2786 774 2835 lta
782 2781 912 2834 edidimus
957 2799 1002 2834 sus
1016 2795 1056 2833 eat
1072 2781 1106 2834 ab
1123 2777 1228 2853 aliquo,
1244 2796 1393 2836 teneatur·
1406 2779 1440 2832 Ad
1509 2789 1510 2798 ¹

412 2882 473 2916 curn
488 2865 630 2932 Burmann.
648 2874 675 2914 et
689 2863 818 2914 Ernestio.
833 2861 911 2933 Vulg.
956 2860 1056 2914 lulium
1062 2859 1201 2914 Vindicem
1211 2880 1258 2915 eos
1268 2861 1441 2928 alluaisae,no·

414 2965 426 2988 ι
437 2943 524 2996 Etiam
538 2941 646 3006 Gallos,
657 2963 668 2988 n
684 2940 756 2993 unde
769 2935 910 3010 Oudend.‚
956 2955 1012 2993 tare
1024 2959 1078 2992 uon
1092 2959 1159 3012 opus
1171 2955 1220 2994 eat.

411 3035 512 3074 mutata
539 3021 770 3091 interpunctione,
799 3019 911 3072 «Ascri-
981 3019 1168 3071 ·XLvt.1.1n
1182 3021 1323 3073 artissimos
1336 3019 1440 3071 tenebras.

409 3113 487 3173 ptum
503 3117 529 3154 et
544 3101 675 3154 columnia
690 3101 787 3166 etiarm
803 3098 910 3168 Gallos,
955 3099 1025 3172 Lips.
1039 3099 1169 3153 suadebat
1179 3100 1330 3167 ultr'srimus,
1343 3099 1374 3152 al.
1387 3111 1442 3151 uter·

410 3194 483 3232 otc·
504 3180 574 3252 quod
591 3182 692 3252 recepit
705 3178 838 3246 Wollius,
856 3197 911 3232 uon
955 3181 1441 3252 rimus,orassissinras‚quaeoutniaunu

410 3261 513 3312 monito
534 3259 643 3312 lectore.
667 3257 718 3312 Sed
736 3259 826 3310 nescio
847 3258 912 3330 quid
955 3262 1111 3314 necessaria.
1124 3261 1206 3312 Recte
1221 3259 1328 3312 Mulier.
1344 3260 1440 3312 Obserr.

410 3338 469 3390 duri
489 3342 584 3393 inferre
599 3340 676 3394 nobie
695 3339 834 3392 videbatur
847 3339 876 3391 b.
891 3339 910 3391 l.
954 3355 1016 3409 pag.
1031 3339 1115 3404 18,in
1128 3357 1187 3391 roo.
1201 3339 1310 3391 tenelm
1321 3341 1442 3390 notionem

411 3422 551 3491 repetitum
563 3423 692 3486 eletione,
705 3419 769 3472 alias
783 3421 910 3473 Suetonio
955 3417 1007 3470 loci
1017 3418 1175 3472 tenebricosi
1189 3432 1271 3490 atque
1281 3420 1390 3470 carceris
1398 3419 1442 3470 sire

410 3514 464 3547 non
484 3499 646 3569 infrequens.
668 3499 791 3550 Ceterum
813 3499 840 3550 iu
859 3496 911 3549 boc
956 3499 1082 3552 custodie
1095 3499 1237 3558 tenendam
1251 3497 1330 3564 dicit,
1345 3513 1369 3551 et
1379 3515 1443 3572 pror·

410 3573 481 3626 dicto
495 3588 521 3628 et
534 3576 607 3630 lusus
621 3579 649 3628 in
665 3575 762 3640 Gallis,
779 3574 871 3648 populi
886 3588 911 3628 et
956 3596 999 3631 sua
1005 3581 1180 3644 conveniunt,
1192 3597 1252 3649 que
1259 3591 1392 3650 comparat
1399 3577 1443 3631 Sal·

410 3655 498 3705 arium
513 3656 635 3720 nomine,
652 3668 693 3720 et,
707 3655 757 3705 nisi
769 3652 855 3718 fallor,
869 3654 910 3705 al·
955 3656 1016 3709 lust.
1027 3659 1087 3727 lug.
1103 3657 1171 3728 lllV,
1190 3656 1235 3724 15,
1249 3657 1332 3710 eleusi
1344 3659 1372 3709 t'n
1384 3668 1444 3709 tene·

409 3729 478 3784 lusio
491 3733 524 3786 ed
537 3735 662 3786 excitatos
678 3735 706 3785 iu
722 3732 847 3804 Capitolii
858 3752 910 3805 op·
956 3738 1021 3802 bris,
1042 3749 1068 3788 et
1087 3738 1179 3808 Pomp.
1200 3737 1263 3789 Mel.
1286 3739 1313 3802 l,
1336 3753 1380 3803 to,
1401 3753 1441 3804 19:

410 3812 572 3881 pugnatione
584 3829 706 3864 anserum
721 3811 847 3880 clangore
858 3813 910 3863 llo·
958 3815 1143 3886 «vinculisque
1157 3829 1184 3868 et
1196 3815 1326 3868 artissima
1340 3814 1443 3868 custodio

409 3908 510 3942 suanos.
524 3893 644 3944 Ernestio
657 3889 777 3962 displicet
790 3890 908 3942 additum
955 3905 1057 3944 tenent.
1066 3915 1078 3938 ι

408 3970 547 4021 cantando.
564 3969 614 4024 Sed
627 3989 681 4022 non
698 3963 828 4021 absonum
845 3970 909 4023 mihi
991 3987 1014 4023 α.
1037 3971 1062 4022 A
1082 3969 1227 4024 simulacris
1246 3973 1378 4042 peritiam,
1399 3984 1442 4024 etr.

408 4046 460 4100 boc
473 4048 577 4101 videtur
588 4053 614 4101 in
625 4048 775 4102 vellicando
788 4051 908 4116 Nerone,
952 4051 1018 4103 Plio.
1032 4051 1098 4100 llist.
1110 4051 1171 4101 Nat.
1185 4049 1310 4115 xxxvl,
1323 4051 1338 4104 5
1350 4050 1379 4121 (S
1392 4049 1444 4119 13),

407 4141 483 4180 tanto
494 4128 762 4200 artifice,cantusque
775 4127 842 4182 adeo
851 4142 908 4181 stu·
956 4129 1049 4182 aldem
1068 4132 1150 4182 Varro
1169 4144 1196 4181 et
1214 4148 1230 4181 a
1249 4132 1369 4203 Coponio
1386 4149 1443 4203 qua-

408 4203 492 4260 dioao.
955 4207 1101 4262 tuordecim
1109 4211 1243 4275 nationes,
1252 4213 1443 4280 querunteirca
