3054 5152
399 537 462 622 ¹7⁴
769 532 805 595 G.
820 527 1066 598 ,SUETONH

441 663 529 726 XIX.
556 659 843 750 Peregrinationes
861 655 946 724 duas
960 659 1098 724 omnino
1112 658 1276 751 suscepit,
1296 659 1440 728 Alexan·

394 769 528 836 drinam
549 783 583 836 et
602 767 796 836 Achaicam:
818 766 877 836 sed
897 766 1122 834 Alexandrina
1134 770 1208 861 ipso
1225 770 1439 862 profectionis

395 881 450 948 die
470 880 614 961 destitit,
636 880 789 948 turbatus
808 879 969 971 religione
991 878 1091 946 simul
1110 903 1151 946 ac
1170 881 1332 972 periculo.
1355 887 1439 950 Nam

395 994 540 1060 circuitis
553 991 687 1086 templis
700 1015 807 1086 quum
825 992 859 1057 in
875 989 946 1057 aede
959 995 1070 1056 Vestae
1087 989 1284 1071 resedisset,
1302 1014 1439 1059 consur·

395 1103 487 1192 genti
499 1105 529 1168 ei
542 1105 691 1194 primum
704 1099 824 1168 lacinia
835 1097 977 1166 obhaesit
989 1125 995 1164 :
1012 1097 1133 1166 deinde
1149 1115 1242 1168 tanta
1256 1099 1378 1168 oborta
1392 1125 1440 1168 ca·

394 1213 462 1306 ligo
476 1232 545 1296 est,
563 1232 602 1283 ut
618 1214 782 1306 dispicere
800 1236 870 1280 non
886 1221 1028 1305 posset¹.
1052 1217 1092 1277 ln
1110 1211 1233 1280 Achaia
1251 1211 1440 1281 ²lsthmurn

394 1326 571 1419 perfodere
591 1347 790 1419 aggressus,
816 1327 1036 1416 praetorianos
1056 1346 1120 1415 pro
1142 1326 1304 1392 concione
1327 1325 1373 1392 ad
1395 1329 1440 1394 in-

394 1436 587 1506 choandum
601 1461 687 1530 opus
699 1437 894 1505 cohortatus
909 1451 976 1520 est3
991 1433 1139 1529 tubaque
1156 1438 1251 1527 signo
1264 1435 1365 1519 dato,
1378 1440 1441 1531 pri-

394 1571 471 1615 mus
486 1547 620 1617 rastello
639 1547 783 1615 humum
801 1545 934 1629 effodit,
954 1562 988 1612 et
1005 1544 1153 1612 corbulae
1170 1562 1367 1638 congestam
1386 1546 1440 1613 hn

395 1660 496 1725 meris
519 1657 648 1726 extulit.
674 1657 815 1725 Parabat
833 1675 867 1724 et
886 1655 929 1723 ad
949 1657 1085 1749 Caspias
1106 1655 1241 1748 portas³
1261 1655 1440 1750 expeditio

394 1791 491 1850 nem,
505 1771 693 1860 conscripta
708 1791 749 1835 ex
761 1767 883 1834 Italicis
899 1789 1019 1833 senum
1031 1765 1159 1859 pedum
1172 1767 1339 1835 tironibus
1357 1792 1441 1835 nova

394 1876 542 1968 legione,
564 1902 667 1973 quam
684 1878 798 1970 Magni
819 1875 998 1945 Alexandri
1016 1875 1220 1970 phalangem
1235 1875 1439 1970 appellabat.

394 1993 475 2056 Haec
490 1991 614 2082 partim
629 1986 724 2055 nulla
742 1986 1019 2079 reprehensione,
1034 1988 1157 2078 partim
1174 1989 1274 2054 etiam
1291 2011 1366 2054 non
1380 2009 1442 2052 me

393 2099 497 2169 diocri
509 2100 608 2168 laude
621 2100 721 2193 digna
736 2102 771 2166 in
782 2123 888 2166 unum
900 2095 1044 2180 contuli,
1059 2113 1098 2164 ut
1111 2121 1322 2166 secernerem
1335 2121 1356 2164 a
1368 2122 1441 2190 pro

392 2211 462 2282 bris
474 2239 514 2281 ac
526 2212 709 2290 sceleribus
721 2208 811 2305 ejus,
823 2211 866 2281 de
878 2211 1000 2306 quibus
1013 2209 1136 2278 dehinc
1146 2211 1266 2278 dicam.

440 2327 511 2389 XX.
538 2329 630 2389 Inter
647 2339 776 2391 ceteras
791 2321 984 2415 disciplinas
999 2323 1152 2414 pueritiae
1168 2337 1319 2413 tempore
1335 2320 1441 2388 imbu-

428 2495 498 2546 xlx.
517 2511 539 2547 r.
557 2496 592 2547 Ut
602 2496 725 2570 dispicere
737 2513 792 2548 non
801 2505 894 2570 posset.
939 2513 1076 2566 nunqnam
1087 2497 1182 2547 timore
1192 2513 1292 2547 vacans
1299 2531 1309 2558 ,
1325 2493 1441 2546 desernit

394 2573 435 2625 Al.
453 2585 539 2627 coorta
554 2590 581 2628 et
594 2575 728 2646 despicere.
746 2575 798 2628 Sed
810 2576 894 2628 oeulis
938 2573 1441 2645 inceptum,cnnctassibicnrasamore

394 2656 512 2706 exeuntis
524 2653 623 2726 templo
635 2655 722 2724 caligo
734 2654 830 2706 oborta
840 2669 893 2722 est,
938 2655 1028 2724 patriae
1038 2654 1148 2706 leviores
1158 2653 1290 2704 dictitans.
1303 2673 1314 2697 ι
1328 2654 1372 2704 De
1381 2661 1442 2703 tem·

393 2733 514 2786 nioeld.
528 2736 734 2799 Arteman,
750 2733 800 2800 88,
937 2733 985 2806 plo
1003 2733 1085 2787 Vestoe
1103 2731 1174 2784 conf.
1195 2731 1334 2783 Panciroll.
1350 2731 1440 2784 Descr.

432 2821 476 2862 lior
484 2818 548 2863 oculis
557 2819 630 2876 pavido
637 2821 777 2862 vanissima
785 2831 854 2869 metti,
939 2813 1003 2864 Uri).
1018 2813 1095 2864 Rom.
1107 2809 1204 2880 (Thes.
1218 2811 1303 2863 θετον.
1314 2823 1381 2864 lom.
1394 2813 1440 2875 ΙΙΙ,

393 2909 425 2944 ec
434 2909 465 2944 ea
478 2892 598 2964 quidem,
613 2911 691 2965 qnam
702 2893 760 2944 visu
771 2907 894 2965 penetra·
938 2909 999 2962 pag.
1015 2890 1091 2961 355).

392 2991 420 3024 re
430 2991 483 3022 non
494 2985 616 3043 poterat,
627 2971 701 3042 quod
712 2985 750 3024 est
762 2973 891 3046 dispicere.
975 2988 998 3022 a.
1018 2971 1158 3033 isthmum,
1180 2981 1230 3021 etc.
1248 2967 1288 3020 Cf.
1307 2968 1441 3040 xiphilin.

391 3049 456 3101 lnde
468 3049 589 3102 turbatus
601 3051 678 3101 etiam
690 3049 805 3119 pemeulo
817 3049 893 3101 desti·
936 3051 1030 3114 Lxsst,
1049 3051 1093 3114 16,
1108 3049 1154 3100 uhi
1166 3050 1278 3101 Reimar.
1293 3063 1319 3100 et
1334 3061 1391 3100 not.
1407 3049 1438 3101 ad

280 3153 282 3160 v
392 3129 431 3179 tit.
441 3127 563 3180 Ceterum
574 3127 658 3180 Tacit.
670 3127 764 3178 Annal.
774 3129 831 3194 XV,
844 3127 891 3192 36,
936 3132 1000 3183 Cass.
1016 3149 1074 3202 cap.
1089 3129 1131 3196 44.

392 3226 446 3258 rem
459 3211 493 3260 ita
505 3219 610 3259 narrat:
626 3205 704 3257 nNeo
716 3203 799 3257 multo
815 3219 890 3278 post,
972 3211 997 3264 3,
1018 3211 1214 3263 Parabantur!
1225 3211 1329 3281 caspias
1336 3221 1440 3286 portes,

392 3288 487 3340 omissa
502 3288 529 3338 in
544 3303 659 3356 presens
676 3282 776 3337 Achaia
791 3283 892 3354 (canate
937 3303 986 3341 erc.
1004 3288 1104 3360 Xiphil.
1119 3289 1214 3354 extit,
1230 3289 1355 3340 &Tacit
1372 3291 1439 3340 Hist.

392 3366 420 3416 in
437 3366 537 3416 incerto
554 3365 661 3435 luere),
679 3364 775 3416 Urbem
789 3366 891 3426 revisit3
937 3369 963 3434 Ι,
975 3369 1008 3433 6,
1024 3367 1121 3419 ιιῃιιΙιί
1134 3366 1222 3419 adhoc
1234 3370 1339 3419 numeri
1350 3386 1366 3419 e
1377 3369 1442 3420 Ger·

393 3445 544 3515 provincias
556 3447 686 3510 Orientis,
697 3446 810 3496 maxime
819 3444 894 3516 AEgy-
937 3450 1024 3499 mania
1032 3467 1063 3499 ac
1072 3449 1204 3500 Britannia
1212 3447 1440 3519 eslllyrico,qnos

392 3537 476 3598 ptum,
486 3527 592 3578 secretis
600 3526 831 3596 imaginationibus
839 3529 894 3594 agi·
938 3525 1007 3578 idern
1022 3529 1107 3591 Nero,
1124 3524 1222 3578 electos
1236 3527 1440 3598 premissosqne

391 3604 658 3657 tans.Dehincedieto
666 3604 828 3670 testificatus,
837 3623 891 3656 non
936 3603 972 3655 ad
984 3605 1097 3658 claustra
1108 3605 1276 3677 Caspiarum,
1289 3620 1315 3657 et
1324 3605 1440 3672 bellom,

392 3683 499 3754 longam
517 3685 557 3735 sni
572 3682 735 3749 absentiam,
754 3697 781 3735 et
796 3695 892 3736 cuncta
938 3683 1009 3755 quod
1028 3687 1055 3737 in
1071 3683 1189 3737 Albanos
1203 3685 1334 3755 parabat,
1349 3687 1441 3757 oppri-

392 3764 418 3813 in
429 3762 541 3834 Republ.
554 3761 664 3834 perinde
674 3764 781 3814 immota
792 3781 822 3814 ac
833 3781 892 3833 pro-
935 3762 1038 3815 mendis
1051 3762 1170 3816 Vindicis
1187 3766 1280 3836 emptis
1296 3783 1442 3816 revocave-

392 3861 469 3914 spera
487 3843 560 3909 fore,
579 3861 705 3913 superea
725 3843 891 3914 profectione
935 3856 1008 3893 rat·
1025 3844 1066 3896 Cf.
1086 3843 1152 3896 Plin.
1173 3845 1237 3896 trist,
1256 3845 1319 3896 Nat.
1333 3847 1385 3911 vt,
1408 3845 1439 3897 13

392 3921 456 3974 adiit
480 3920 648 3992 Capitolium.
672 3918 728 3972 lllie
753 3935 889 3975 veneratus
936 3923 1017 3993 (15),
1031 3937 1056 3976 et
1068 3923 1101 3975 de
1116 3926 1212 3996 Caspiis
1218 3925 1301 3997 portis
1312 3925 1371 3977 vide
1383 3924 1442 3976 Cel-

390 4001 479 4067 Deos,
500 4017 582 4072 quum
599 4001 683 4050 Vestae
702 4017 810 4070 quoque
826 4013 892 4052 tem·
936 4001 988 4054 lar.
1000 4003 1097 4076 Geogr.
1114 4007 1174 4057 Ans.
1188 4007 1240 4068 ΙΙΙ,
1259 4007 1308 4071 18,
1322 4019 1386 4056 tom.
1402 4006 1441 4070 ΙΙ,

390 4080 465 4151 plum
480 4081 587 4138 inisset,
601 4092 711 4150 repente
723 4092 832 4130 cunctos
844 4099 893 4152 per
935 4099 996 4153 pag.
1012 4085 1075 4154 7853
1087 4085 1249 4137 Freinshem.
1260 4085 1295 4138 ad
1306 4087 1378 4138 Cure.
1390 4087 1439 4149 Vl,

390 4171 465 4210 artus
481 4171 610 4223 tremens,
626 4177 673 4209 seu
688 4159 797 4209 humine
810 4173 892 4211 exter·
937 4164 967 4228 4,
985 4179 1025 4233 ι9;
1041 4164 1120 4236 llyclt.
1134 4165 1169 4216 ad
1179 4168 1264 4220 Tacit.
1278 4166 1374 4218 Annal.
1388 4167 1438 4228 Vl,

391 4253 478 4306 rente,
490 4257 536 4290 seu
548 4237 696 4291 facinorum
707 4237 891 4291 recordatione
937 4242 979 4293 33.
