<?xml version="1.0" encoding="UTF-8"?>
<!DOCTYPE html PUBLIC "-//W3C//DTD XHTML 1.0 Transitional//EN"
    "http://www.w3.org/TR/xhtml1/DTD/xhtml1-transitional.dtd">
<html xmlns="http://www.w3.org/1999/xhtml" xml:lang="en" lang="en">
 <head>
  <title>
</title>
<meta http-equiv="Content-Type" content="text/html;charset=utf-8" />
  <meta name='ocr-system' content='tesseract 3.04.00' />
  <meta name='ocr-capabilities' content='ocr_page ocr_carea ocr_par ocr_line ocrx_word'/>
</head>
<body>
  <div class='ocr_page' id='page_1' title='image "./csuetoniitranqu00suetgoog_0118.png"; bbox 0 0 3054 5152; ppageno 0'>
   <div class='ocr_carea' id='block_1_1' title="bbox 412 555 1071 623">
    <p class='ocr_par' dir='ltr' id='par_1_1' title="bbox 412 555 1071 623">
     <span class='ocr_line' id='line_1_1' title="bbox 412 555 1071 623; baseline -0.005 -2"><span class='ocrx_word' id='word_1_1' title='bbox 412 578 472 623; x_wconf 80' lang='lat' dir='ltr'><strong>toa</strong></span> <span class='ocrx_word' id='word_1_2' title='bbox 678 563 679 574; x_wconf 57' lang='lat'>¹</span> <span class='ocrx_word' id='word_1_3' title='bbox 778 555 813 620; x_wconf 89' lang='lat' dir='ltr'><strong>C.</strong></span> <span class='ocrx_word' id='word_1_4' title='bbox 840 555 1071 621; x_wconf 83' lang='lat' dir='ltr'><strong>SUETONll</strong></span> 
     </span>
    </p>
   </div>
   <div class='ocr_carea' id='block_1_2' title="bbox 403 679 1450 2550">
    <p class='ocr_par' dir='ltr' id='par_1_2' title="bbox 403 679 1450 2550">
     <span class='ocr_line' id='line_1_2' title="bbox 405 679 1429 773; baseline -0.002 -23"><span class='ocrx_word' id='word_1_5' title='bbox 405 685 570 750; x_wconf 85' lang='lat' dir='ltr'><strong>sermonis</strong></span> <span class='ocrx_word' id='word_1_6' title='bbox 588 685 761 773; x_wconf 85' lang='lat' dir='ltr'><strong>ignarum,</strong></span> <span class='ocrx_word' id='word_1_7' title='bbox 781 705 849 749; x_wconf 93' lang='lat' dir='ltr'><strong>non</strong></span> <span class='ocrx_word' id='word_1_8' title='bbox 868 680 972 751; x_wconf 91' lang='lat' dir='ltr'><strong>modo</strong></span> <span class='ocrx_word' id='word_1_9' title='bbox 988 680 1067 750; x_wconf 87' lang='lat' dir='ltr'><strong>albo</strong></span> <span class='ocrx_word' id='word_1_10' title='bbox 1082 679 1236 773; x_wconf 86' lang='lat' dir='ltr'><strong>judicum</strong></span> <span class='ocrx_word' id='word_1_11' title='bbox 1253 681 1363 760; x_wconf 81' lang='lat' dir='ltr'><strong>erasit,</strong></span> <span class='ocrx_word' id='word_1_12' title='bbox 1378 679 1429 748; x_wconf 77' lang='lat' dir='ltr'><strong>ted</strong></span> 
     </span>
     <span class='ocr_line' id='line_1_3' title="bbox 404 790 1450 886; baseline -0.002 -26"><span class='ocrx_word' id='word_1_13' title='bbox 404 795 549 860; x_wconf 85' lang='lat' dir='ltr'><strong>etiamin</strong></span> <span class='ocrx_word' id='word_1_14' title='bbox 560 793 834 886; x_wconf 76' lang='lat' dir='ltr'><strong>peregrinitatem</strong></span> <span class='ocrx_word' id='word_1_15' title='bbox 845 790 984 884; x_wconf 90' lang='lat' dir='ltr'><strong>redegit.</strong></span> <span class='ocrx_word' id='word_1_16' title='bbox 998 797 1068 860; x_wconf 87' lang='lat' dir='ltr'><strong>Nec</strong></span> <span class='ocrx_word' id='word_1_17' title='bbox 1078 813 1298 886; x_wconf 78' lang='lat' dir='ltr'><strong>quemquam,</strong></span> <span class='ocrx_word' id='word_1_18' title='bbox 1310 791 1430 858; x_wconf 84' lang='lat' dir='ltr'><strong>nisism</strong></span> <span class='ocrx_word' id='word_1_19' title='bbox 1448 855 1450 859; x_wconf 87' lang='grc'>,</span> 
     </span>
     <span class='ocr_line' id='line_1_4' title="bbox 404 885 1429 1000; baseline -0.001 -29"><span class='ocrx_word' id='word_1_20' title='bbox 404 928 505 988; x_wconf 86' lang='lat' dir='ltr'><strong>voce,</strong></span> <span class='ocrx_word' id='word_1_21' title='bbox 524 919 698 999; x_wconf 83' lang='lat' dir='ltr'><strong>utcunque</strong></span> <span class='ocrx_word' id='word_1_22' title='bbox 719 907 794 1000; x_wconf 88' lang='lat' dir='ltr'><strong>quis</strong></span> <span class='ocrx_word' id='word_1_23' title='bbox 814 921 941 998; x_wconf 83' lang='lat' dir='ltr'><strong>posset,</strong></span> <span class='ocrx_word' id='word_1_24' title='bbox 961 929 1002 972; x_wconf 89' lang='lat' dir='ltr'><strong>ao</strong></span> <span class='ocrx_word' id='word_1_25' title='bbox 1019 906 1092 972; x_wconf 85' lang='lat' dir='ltr'><strong>aine</strong></span> <span class='ocrx_word' id='word_1_26' title='bbox 1109 885 1266 998; x_wconf 76' lang='lat' dir='ltr'><strong>patrono,</strong></span> <span class='ocrx_word' id='word_1_27' title='bbox 1284 905 1429 970; x_wconf 87' lang='lat' dir='ltr'><strong>rationem</strong></span> 
     </span>
     <span class='ocr_line' id='line_1_5' title="bbox 404 1013 1430 1111; baseline -0.002 -29"><span class='ocrx_word' id='word_1_28' title='bbox 404 1019 481 1084; x_wconf 75' lang='lat' dir='ltr'><strong>vitee</strong></span> <span class='ocrx_word' id='word_1_29' title='bbox 496 1040 616 1108; x_wconf 83' lang='lat' dir='ltr'><strong>passus</strong></span> <span class='ocrx_word' id='word_1_30' title='bbox 633 1031 685 1084; x_wconf 89' lang='lat' dir='ltr'><strong>est</strong></span> <span class='ocrx_word' id='word_1_31' title='bbox 695 1014 847 1084; x_wconf 84' lang='lat' dir='ltr'><strong>reddere.</strong></span> <span class='ocrx_word' id='word_1_32' title='bbox 862 1018 1062 1111; x_wconf 75' lang='lat' dir='ltr'><strong>Notatitque</strong></span> <span class='ocrx_word' id='word_1_33' title='bbox 1075 1013 1217 1097; x_wconf 84' lang='lat' dir='ltr'><strong>multos,</strong></span> <span class='ocrx_word' id='word_1_34' title='bbox 1233 1029 1268 1082; x_wconf 91' lang='lat' dir='ltr'><strong>et</strong></span> <span class='ocrx_word' id='word_1_35' title='bbox 1282 1013 1430 1108; x_wconf 83' lang='lat' dir='ltr'><strong>quosdam</strong></span> 
     </span>
     <span class='ocr_line' id='line_1_6' title="bbox 404 1125 1430 1222; baseline -0.003 -29"><span class='ocrx_word' id='word_1_36' title='bbox 404 1129 633 1219; x_wconf 82' lang='lat' dir='ltr'><strong>inopinantes,</strong></span> <span class='ocrx_word' id='word_1_37' title='bbox 651 1142 685 1196; x_wconf 88' lang='lat' dir='ltr'><strong>et</strong></span> <span class='ocrx_word' id='word_1_38' title='bbox 700 1151 741 1194; x_wconf 89' lang='lat' dir='ltr'><strong>ex</strong></span> <span class='ocrx_word' id='word_1_39' title='bbox 757 1151 858 1196; x_wconf 86' lang='lat' dir='ltr'><strong>causa</strong></span> <span class='ocrx_word' id='word_1_40' title='bbox 873 1129 952 1194; x_wconf 92' lang='lat' dir='ltr'><strong>novi</strong></span> <span class='ocrx_word' id='word_1_41' title='bbox 967 1130 1114 1218; x_wconf 76' lang='lat' dir='ltr'><strong>generis,</strong></span> <span class='ocrx_word' id='word_1_42' title='bbox 1134 1125 1227 1222; x_wconf 90' lang='lat' dir='ltr'><strong>quod</strong></span> <span class='ocrx_word' id='word_1_43' title='bbox 1241 1149 1278 1194; x_wconf 88' lang='lat' dir='ltr'><strong>se</strong></span> <span class='ocrx_word' id='word_1_44' title='bbox 1290 1126 1387 1193; x_wconf 84' lang='lat' dir='ltr'><strong>insoio</strong></span> <span class='ocrx_word' id='word_1_45' title='bbox 1397 1147 1430 1191; x_wconf 83' lang='lat' dir='ltr'><strong>aa</strong></span> 
     </span>
     <span class='ocr_line' id='line_1_7' title="bbox 404 1233 1431 1330; baseline -0.005 -26"><span class='ocrx_word' id='word_1_46' title='bbox 404 1239 475 1305; x_wconf 84' lang='lat' dir='ltr'><strong>sine</strong></span> <span class='ocrx_word' id='word_1_47' title='bbox 498 1237 706 1305; x_wconf 83' lang='lat' dir='ltr'><strong>commeatu⁵</strong></span> <span class='ocrx_word' id='word_1_48' title='bbox 731 1237 826 1307; x_wconf 84' lang='lat' dir='ltr'><strong>ltalia</strong></span> <span class='ocrx_word' id='word_1_49' title='bbox 849 1237 1087 1318; x_wconf 78' lang='lat' dir='ltr'><strong>excessissent,</strong></span> <span class='ocrx_word' id='word_1_50' title='bbox 1113 1233 1296 1330; x_wconf 85' lang='lat' dir='ltr'><strong>quemdam</strong></span> <span class='ocrx_word' id='word_1_51' title='bbox 1314 1257 1391 1302; x_wconf 80' lang='lat' dir='ltr'><strong>vero</strong></span> <span class='ocrx_word' id='word_1_52' title='bbox 1403 1247 1431 1300; x_wconf 90' lang='lat' dir='ltr'><strong>et</strong></span> 
     </span>
     <span class='ocr_line' id='line_1_8' title="bbox 404 1341 1431 1446; baseline -0.004 -30"><span class='ocrx_word' id='word_1_53' title='bbox 404 1348 496 1446; x_wconf 86' lang='lat' dir='ltr'><strong>quod</strong></span> <span class='ocrx_word' id='word_1_54' title='bbox 515 1372 627 1417; x_wconf 85' lang='lat' dir='ltr'><strong>comes</strong></span> <span class='ocrx_word' id='word_1_55' title='bbox 642 1352 778 1442; x_wconf 82' lang='lat' dir='ltr'><strong>regiain</strong></span> <span class='ocrx_word' id='word_1_56' title='bbox 796 1345 986 1443; x_wconf 80' lang='lat' dir='ltr'><strong>provincia⁶</strong></span> <span class='ocrx_word' id='word_1_57' title='bbox 1004 1348 1139 1432; x_wconf 73' lang='lat' dir='ltr'><strong>ferisset,</strong></span> <span class='ocrx_word' id='word_1_58' title='bbox 1161 1347 1328 1425; x_wconf 83' lang='lat' dir='ltr'><strong>referens,</strong></span> <span class='ocrx_word' id='word_1_59' title='bbox 1344 1341 1431 1437; x_wconf 85' lang='lat' dir='ltr'><strong>majo</strong></span> 
     </span>
     <span class='ocr_line' id='line_1_9' title="bbox 403 1455 1432 1553; baseline -0.006 -25"><span class='ocrx_word' id='word_1_60' title='bbox 403 1485 482 1528; x_wconf 91' lang='lat' dir='ltr'><strong>rum</strong></span> <span class='ocrx_word' id='word_1_61' title='bbox 493 1460 717 1553; x_wconf 78' lang='lat' dir='ltr'><strong>temporibus,</strong></span> <span class='ocrx_word' id='word_1_62' title='bbox 729 1461 865 1530; x_wconf 79' lang='lat' dir='ltr'><strong>Rabirio</strong></span> <span class='ocrx_word' id='word_1_63' title='bbox 877 1465 1070 1544; x_wconf 60' lang='lat' dir='ltr'><strong>Postumo,</strong></span> <span class='ocrx_word' id='word_1_64' title='bbox 1084 1459 1303 1528; x_wconf 72' lang='lat' dir='ltr'><strong>Ptolemaeum</strong></span> <span class='ocrx_word' id='word_1_65' title='bbox 1314 1455 1432 1524; x_wconf 75' lang='lat' dir='ltr'><strong>Alexan</strong></span> 
     </span>
     <span class='ocr_line' id='line_1_10' title="bbox 404 1566 1431 1662; baseline -0.004 -26"><span class='ocrx_word' id='word_1_66' title='bbox 404 1567 527 1654; x_wconf 86' lang='lat' dir='ltr'><strong>driam,</strong></span> <span class='ocrx_word' id='word_1_67' title='bbox 545 1569 661 1639; x_wconf 86' lang='lat' dir='ltr'><strong>crediti</strong></span> <span class='ocrx_word' id='word_1_68' title='bbox 673 1569 828 1638; x_wconf 84' lang='lat' dir='ltr'><strong>servandi</strong></span> <span class='ocrx_word' id='word_1_69' title='bbox 844 1594 961 1654; x_wconf 84' lang='lat' dir='ltr'><strong>causa,</strong></span> <span class='ocrx_word' id='word_1_70' title='bbox 978 1585 1110 1653; x_wconf 86' lang='lat' dir='ltr'><strong>secuto,</strong></span> <span class='ocrx_word' id='word_1_71' title='bbox 1127 1566 1311 1662; x_wconf 84' lang='lat' dir='ltr'><strong>majestatis</strong></span> <span class='ocrx_word' id='word_1_72' title='bbox 1322 1569 1431 1634; x_wconf 82' lang='lat' dir='ltr'><strong>crimen</strong></span> 
     </span>
     <span class='ocr_line' id='line_1_11' title="bbox 404 1678 1432 1776; baseline -0.008 -27"><span class='ocrx_word' id='word_1_73' title='bbox 404 1681 497 1774; x_wconf 88' lang='lat' dir='ltr'><strong>apud</strong></span> <span class='ocrx_word' id='word_1_74' title='bbox 510 1679 643 1776; x_wconf 84' lang='lat' dir='ltr'><strong>judiees</strong></span> <span class='ocrx_word' id='word_1_75' title='bbox 659 1698 801 1750; x_wconf 92' lang='lat' dir='ltr'><strong>motum.</strong></span> <span class='ocrx_word' id='word_1_76' title='bbox 817 1681 934 1750; x_wconf 89' lang='lat' dir='ltr'><strong>Plures</strong></span> <span class='ocrx_word' id='word_1_77' title='bbox 952 1696 1069 1750; x_wconf 87' lang='lat' dir='ltr'><strong>notare</strong></span> <span class='ocrx_word' id='word_1_78' title='bbox 1085 1697 1246 1762; x_wconf 86' lang='lat' dir='ltr'><strong>oonatus,</strong></span> <span class='ocrx_word' id='word_1_79' title='bbox 1265 1699 1380 1769; x_wconf 85' lang='lat' dir='ltr'><strong>magna</strong></span> <span class='ocrx_word' id='word_1_80' title='bbox 1391 1678 1432 1741; x_wconf 89' lang='lat' dir='ltr'><strong>in·</strong></span> 
     </span>
     <span class='ocr_line' id='line_1_12' title="bbox 405 1787 1433 1886; baseline -0.008 -26"><span class='ocrx_word' id='word_1_81' title='bbox 405 1793 605 1885; x_wconf 87' lang='lat' dir='ltr'><strong>quisitorum</strong></span> <span class='ocrx_word' id='word_1_82' title='bbox 623 1791 841 1886; x_wconf 74' lang='lat' dir='ltr'><strong>negligentia,</strong></span> <span class='ocrx_word' id='word_1_83' title='bbox 857 1790 917 1862; x_wconf 84' lang='lat' dir='ltr'><strong>sed</strong></span> <span class='ocrx_word' id='word_1_84' title='bbox 935 1815 998 1860; x_wconf 84' lang='lat' dir='ltr'><strong>suo</strong></span> <span class='ocrx_word' id='word_1_85' title='bbox 1016 1787 1144 1884; x_wconf 87' lang='lat' dir='ltr'><strong>majore</strong></span> <span class='ocrx_word' id='word_1_86' title='bbox 1162 1789 1339 1871; x_wconf 85' lang='lat' dir='ltr'><strong>dedecore,</strong></span> <span class='ocrx_word' id='word_1_87' title='bbox 1354 1788 1433 1854; x_wconf 83' lang='lat' dir='ltr'><strong>inno</strong></span> 
     </span>
     <span class='ocr_line' id='line_1_13' title="bbox 404 1898 1433 2002; baseline -0.007 -31"><span class='ocrx_word' id='word_1_88' title='bbox 404 1907 476 1972; x_wconf 88' lang='lat' dir='ltr'><strong>xios</strong></span> <span class='ocrx_word' id='word_1_89' title='bbox 494 1904 564 1974; x_wconf 84' lang='lat' dir='ltr'><strong>lere</strong></span> <span class='ocrx_word' id='word_1_90' title='bbox 582 1909 723 2000; x_wconf 87' lang='lat' dir='ltr'><strong>reperit,</strong></span> <span class='ocrx_word' id='word_1_91' title='bbox 743 1908 1003 2002; x_wconf 87' lang='lat' dir='ltr'><strong>quibuscunque</strong></span> <span class='ocrx_word' id='word_1_92' title='bbox 1024 1903 1234 1987; x_wconf 82' lang='lat' dir='ltr'><strong>coelibatum,</strong></span> <span class='ocrx_word' id='word_1_93' title='bbox 1255 1917 1314 1970; x_wconf 86' lang='lat' dir='ltr'><strong>aut</strong></span> <span class='ocrx_word' id='word_1_94' title='bbox 1331 1898 1433 1969; x_wconf 84' lang='lat' dir='ltr'><strong>orbita·</strong></span> 
     </span>
     <span class='ocr_line' id='line_1_14' title="bbox 404 2007 1432 2110; baseline -0.007 -29"><span class='ocrx_word' id='word_1_95' title='bbox 404 2030 492 2098; x_wconf 91' lang='lat' dir='ltr'><strong>tem,</strong></span> <span class='ocrx_word' id='word_1_96' title='bbox 506 2032 566 2083; x_wconf 88' lang='lat' dir='ltr'><strong>aut</strong></span> <span class='ocrx_word' id='word_1_97' title='bbox 577 2033 758 2110; x_wconf 74' lang='lat' dir='ltr'><strong>egestatem</strong></span> <span class='ocrx_word' id='word_1_98' title='bbox 769 2013 947 2110; x_wconf 86' lang='lat' dir='ltr'><strong>objiceret,</strong></span> <span class='ocrx_word' id='word_1_99' title='bbox 960 2017 1115 2097; x_wconf 78' lang='lat' dir='ltr'><strong>maritae,</strong></span> <span class='ocrx_word' id='word_1_100' title='bbox 1129 2029 1260 2108; x_wconf 86' lang='lat' dir='ltr'><strong>patrea,</strong></span> <span class='ocrx_word' id='word_1_101' title='bbox 1275 2007 1432 2104; x_wconf 84' lang='lat' dir='ltr'><strong>opulentos</strong></span> 
     </span>
     <span class='ocr_line' id='line_1_15' title="bbox 403 2123 1433 2225; baseline -0.008 -31"><span class='ocrx_word' id='word_1_102' title='bbox 403 2151 440 2195; x_wconf 88' lang='lat' dir='ltr'><strong>se</strong></span> <span class='ocrx_word' id='word_1_103' title='bbox 454 2128 691 2221; x_wconf 79' lang='lat' dir='ltr'><strong>probantibus3</strong></span> <span class='ocrx_word' id='word_1_104' title='bbox 707 2153 747 2198; x_wconf 90' lang='lat' dir='ltr'><strong>eo</strong></span> <span class='ocrx_word' id='word_1_105' title='bbox 764 2127 934 2225; x_wconf 67' lang='lat' dir='ltr'><strong>quideml,</strong></span> <span class='ocrx_word' id='word_1_106' title='bbox 953 2130 1012 2224; x_wconf 92' lang='lat' dir='ltr'><strong>qui</strong></span> <span class='ocrx_word' id='word_1_107' title='bbox 1028 2127 1161 2195; x_wconf 87' lang='lat' dir='ltr'><strong>sibimet</strong></span> <span class='ocrx_word' id='word_1_108' title='bbox 1176 2129 1246 2194; x_wconf 91' lang='lat' dir='ltr'><strong>vim</strong></span> <span class='ocrx_word' id='word_1_109' title='bbox 1261 2125 1346 2192; x_wconf 81' lang='lat' dir='ltr'><strong>ferro</strong></span> <span class='ocrx_word' id='word_1_110' title='bbox 1358 2123 1433 2188; x_wconf 88' lang='lat' dir='ltr'><strong>intu-</strong></span> 
     </span>
     <span class='ocr_line' id='line_1_16' title="bbox 404 2235 1434 2330; baseline -0.01 -26"><span class='ocrx_word' id='word_1_111' title='bbox 404 2237 484 2305; x_wconf 88' lang='lat' dir='ltr'><strong>lisse</strong></span> <span class='ocrx_word' id='word_1_112' title='bbox 504 2239 722 2330; x_wconf 88' lang='lat' dir='ltr'><strong>arguebatur,</strong></span> <span class='ocrx_word' id='word_1_113' title='bbox 746 2239 889 2308; x_wconf 81' lang='lat' dir='ltr'><strong>illaesum</strong></span> <span class='ocrx_word' id='word_1_114' title='bbox 910 2261 1033 2330; x_wconf 84' lang='lat' dir='ltr'><strong>eorpus</strong></span> <span class='ocrx_word' id='word_1_115' title='bbox 1053 2255 1146 2304; x_wconf 90' lang='lat' dir='ltr'><strong>veste</strong></span> <span class='ocrx_word' id='word_1_116' title='bbox 1166 2235 1320 2329; x_wconf 87' lang='lat' dir='ltr'><strong>deposita</strong></span> <span class='ocrx_word' id='word_1_117' title='bbox 1337 2247 1434 2298; x_wconf 84' lang='lat' dir='ltr'><strong>osten-</strong></span> 
     </span>
     <span class='ocr_line' id='line_1_17' title="bbox 405 2337 1434 2439; baseline -0.006 -25"><span class='ocrx_word' id='word_1_118' title='bbox 405 2363 507 2415; x_wconf 85' lang='lat' dir='ltr'><strong>tante.</strong></span> <span class='ocrx_word' id='word_1_119' title='bbox 522 2354 674 2416; x_wconf 80' lang='lat' dir='ltr'><strong>Fuertmt</strong></span> <span class='ocrx_word' id='word_1_120' title='bbox 690 2365 723 2417; x_wconf 93' lang='lat' dir='ltr'><strong>et</strong></span> <span class='ocrx_word' id='word_1_121' title='bbox 738 2349 795 2418; x_wconf 90' lang='lat' dir='ltr'><strong>illa</strong></span> <span class='ocrx_word' id='word_1_122' title='bbox 809 2353 845 2416; x_wconf 86' lang='lat' dir='ltr'><strong>iu</strong></span> <span class='ocrx_word' id='word_1_123' title='bbox 861 2371 1004 2420; x_wconf 82' lang='lat' dir='ltr'><strong>censura</strong></span> <span class='ocrx_word' id='word_1_124' title='bbox 1021 2345 1093 2439; x_wconf 84' lang='lat' dir='ltr'><strong>ejus</strong></span> <span class='ocrx_word' id='word_1_125' title='bbox 1107 2345 1283 2427; x_wconf 89' lang='lat' dir='ltr'><strong>notabilia,</strong></span> <span class='ocrx_word' id='word_1_126' title='bbox 1298 2337 1382 2438; x_wconf 87' lang='lat' dir='ltr'><strong>quod</strong></span> <span class='ocrx_word' id='word_1_127' title='bbox 1394 2359 1434 2404; x_wconf 78' lang='lat' dir='ltr'><strong>ea·</strong></span> 
     </span>
     <span class='ocr_line' id='line_1_18' title="bbox 406 2445 1434 2550; baseline -0.011 -26"><span class='ocrx_word' id='word_1_128' title='bbox 406 2455 526 2526; x_wconf 92' lang='lat' dir='ltr'><strong>sedum</strong></span> <span class='ocrx_word' id='word_1_129' title='bbox 544 2477 760 2550; x_wconf 89' lang='lat' dir='ltr'><strong>argenteum,</strong></span> <span class='ocrx_word' id='word_1_130' title='bbox 780 2477 954 2528; x_wconf 84' lang='lat' dir='ltr'><strong>sumtuose</strong></span> <span class='ocrx_word' id='word_1_131' title='bbox 973 2458 1189 2541; x_wconf 85' lang='lat' dir='ltr'><strong>fabricatum,</strong></span> <span class='ocrx_word' id='word_1_132' title='bbox 1211 2481 1252 2526; x_wconf 87' lang='lat' dir='ltr'><strong>ac</strong></span> <span class='ocrx_word' id='word_1_133' title='bbox 1271 2449 1382 2524; x_wconf 86' lang='lat' dir='ltr'><strong>venale</strong></span> <span class='ocrx_word' id='word_1_134' title='bbox 1398 2445 1434 2514; x_wconf 88' lang='lat' dir='ltr'><strong>ad</strong></span> 
     </span>
    </p>
   </div>
   <div class='ocr_carea' id='block_1_3' title="bbox 405 2556 1435 2880">
    <p class='ocr_par' dir='ltr' id='par_1_3' title="bbox 405 2556 1435 2880">
     <span class='ocr_line' id='line_1_19' title="bbox 406 2556 1434 2663; baseline -0.008 -29"><span class='ocrx_word' id='word_1_135' title='bbox 406 2566 600 2658; x_wconf 79' lang='lat' dir='ltr'><strong>Sigillaria9,</strong></span> <span class='ocrx_word' id='word_1_136' title='bbox 621 2566 739 2638; x_wconf 88' lang='lat' dir='ltr'><strong>redimi</strong></span> <span class='ocrx_word' id='word_1_137' title='bbox 761 2568 958 2663; x_wconf 88' lang='lat' dir='ltr'><strong>concidique</strong></span> <span class='ocrx_word' id='word_1_138' title='bbox 979 2592 1108 2649; x_wconf 85' lang='lat' dir='ltr'><strong>coram,</strong></span> <span class='ocrx_word' id='word_1_139' title='bbox 1128 2567 1322 2661; x_wconf 86' lang='lat' dir='ltr'><strong>imperavit:</strong></span> <span class='ocrx_word' id='word_1_140' title='bbox 1343 2556 1434 2658; x_wconf 86' lang='lat' dir='ltr'><strong>quod·</strong></span> 
     </span>
     <span class='ocr_line' id='line_1_20' title="bbox 407 2675 1434 2775; baseline -0.006 -28"><span class='ocrx_word' id='word_1_141' title='bbox 407 2704 474 2775; x_wconf 93' lang='lat' dir='ltr'><strong>que</strong></span> <span class='ocrx_word' id='word_1_142' title='bbox 486 2704 555 2748; x_wconf 92' lang='lat' dir='ltr'><strong>uno</strong></span> <span class='ocrx_word' id='word_1_143' title='bbox 568 2679 622 2748; x_wconf 89' lang='lat' dir='ltr'><strong>die</strong></span> <span class='ocrx_word' id='word_1_144' title='bbox 634 2683 749 2773; x_wconf 91' lang='lat' dir='ltr'><strong>viginti</strong></span> <span class='ocrx_word' id='word_1_145' title='bbox 760 2680 867 2753; x_wconf 85' lang='lat' dir='ltr'><strong>edicta</strong></span> <span class='ocrx_word' id='word_1_146' title='bbox 879 2683 1072 2775; x_wconf 85' lang='lat' dir='ltr'><strong>proposuit:</strong></span> <span class='ocrx_word' id='word_1_147' title='bbox 1089 2681 1177 2746; x_wconf 92' lang='lat' dir='ltr'><strong>inter</strong></span> <span class='ocrx_word' id='word_1_148' title='bbox 1188 2701 1265 2775; x_wconf 82' lang='lat' dir='ltr'><strong>quae</strong></span> <span class='ocrx_word' id='word_1_149' title='bbox 1277 2675 1356 2752; x_wconf 88' lang='lat' dir='ltr'><strong>duo,</strong></span> <span class='ocrx_word' id='word_1_150' title='bbox 1367 2692 1434 2766; x_wconf 68' lang='lat' dir='ltr'><strong>que</strong></span> 
     </span>
     <span class='ocr_line' id='line_1_21' title="bbox 405 2789 1435 2880; baseline -0.005 -24"><span class='ocrx_word' id='word_1_151' title='bbox 405 2813 484 2857; x_wconf 93' lang='lat' dir='ltr'><strong>rum</strong></span> <span class='ocrx_word' id='word_1_152' title='bbox 506 2790 611 2860; x_wconf 89' lang='lat' dir='ltr'><strong>altero</strong></span> <span class='ocrx_word' id='word_1_153' title='bbox 633 2789 855 2872; x_wconf 87' lang='lat' dir='ltr'><strong>admonebat,</strong></span> <span class='ocrx_word' id='word_1_154' title='bbox 884 2807 947 2858; x_wconf 82' lang='lat' dir='ltr'><strong>aut</strong></span> <span class='ocrx_word' id='word_1_155' title='bbox 969 2791 1065 2859; x_wconf 92' lang='lat' dir='ltr'><strong>uberi</strong></span> <span class='ocrx_word' id='word_1_156' title='bbox 1088 2791 1264 2860; x_wconf 87' lang='lat' dir='ltr'><strong>vinearum</strong></span> <span class='ocrx_word' id='word_1_157' title='bbox 1288 2795 1435 2880; x_wconf 79' lang='lat' dir='ltr'><strong>proventu</strong></span> 
     </span>
    </p>
   </div>
   <div class='ocr_carea' id='block_1_4' title="bbox 381 2983 1436 4340">
    <p class='ocr_par' dir='ltr' id='par_1_4' title="bbox 405 2983 1434 3150">
     <span class='ocr_line' id='line_1_22' title="bbox 405 2983 1434 3072; baseline -0.005 -22"><span class='ocrx_word' id='word_1_158' title='bbox 405 2997 526 3064; x_wconf 74' lang='lat' dir='ltr'><strong>Achaim,</strong></span> <span class='ocrx_word' id='word_1_159' title='bbox 548 3017 606 3070; x_wconf 81' lang='lat' dir='ltr'><strong>quer</strong></span> <span class='ocrx_word' id='word_1_160' title='bbox 625 3018 639 3051; x_wconf 87' lang='lat' dir='ltr'><strong>e</strong></span> <span class='ocrx_word' id='word_1_161' title='bbox 658 2998 833 3072; x_wconf 83' lang='lat' dir='ltr'><strong>popularibus</strong></span> <span class='ocrx_word' id='word_1_162' title='bbox 850 3013 907 3052; x_wconf 86' lang='lat' dir='ltr'><strong>erat</strong></span> <span class='ocrx_word' id='word_1_163' title='bbox 950 2996 992 3047; x_wconf 85' lang='lat' dir='ltr'><strong>vel</strong></span> <span class='ocrx_word' id='word_1_164' title='bbox 1008 2998 1176 3068; x_wconf 87' lang='lat' dir='ltr'><strong>negotiorum</strong></span> <span class='ocrx_word' id='word_1_165' title='bbox 1192 3011 1274 3048; x_wconf 78' lang='lat' dir='ltr'><strong>cauas</strong></span> <span class='ocrx_word' id='word_1_166' title='bbox 1289 3001 1389 3061; x_wconf 68' lang='lat' dir='ltr'><strong>regnum</strong></span> <span class='ocrx_word' id='word_1_167' title='bbox 1401 2983 1434 3052; x_wconf 80' lang='lat' dir='ltr'><strong>il’·</strong></span> 
     </span>
     <span class='ocr_line' id='line_1_23' title="bbox 405 3076 1137 3150; baseline -0.001 -21"><span class='ocrx_word' id='word_1_168' title='bbox 405 3079 558 3150; x_wconf 85' lang='lat' dir='ltr'><strong>provinciis.</strong></span> <span class='ocrx_word' id='word_1_169' title='bbox 577 3077 627 3131; x_wconf 87' lang='lat' dir='ltr'><strong>Dio</strong></span> <span class='ocrx_word' id='word_1_170' title='bbox 642 3077 676 3131; x_wconf 87' lang='lat' dir='ltr'><strong>ad</strong></span> <span class='ocrx_word' id='word_1_171' title='bbox 692 3098 754 3131; x_wconf 85' lang='lat' dir='ltr'><strong>aun.</strong></span> <span class='ocrx_word' id='word_1_172' title='bbox 771 3079 821 3150; x_wconf 83' lang='lat'><strong>796</strong></span> <span class='ocrx_word' id='word_1_173' title='bbox 833 3079 906 3130; x_wconf 83' lang='lat' dir='ltr'><strong>simi-</strong></span> <span class='ocrx_word' id='word_1_174' title='bbox 951 3095 1009 3128; x_wconf 82' lang='lat' dir='ltr'><strong>sum</strong></span> <span class='ocrx_word' id='word_1_175' title='bbox 1021 3076 1137 3130; x_wconf 80' lang='lat' dir='ltr'><strong>adiisset.</strong></span> 
     </span>
    </p>

    <p class='ocr_par' dir='ltr' id='par_1_5' title="bbox 406 3146 1435 3388">
     <span class='ocr_line' id='line_1_24' title="bbox 406 3146 1433 3230; baseline -0.006 -21"><span class='ocrx_word' id='word_1_176' title='bbox 406 3157 456 3210; x_wconf 85' lang='lat' dir='ltr'><strong>lem</strong></span> <span class='ocrx_word' id='word_1_177' title='bbox 474 3177 530 3210; x_wconf 88' lang='lat' dir='ltr'><strong>rem</strong></span> <span class='ocrx_word' id='word_1_178' title='bbox 543 3158 624 3212; x_wconf 77' lang='lat' dir='ltr'><strong>refert</strong></span> <span class='ocrx_word' id='word_1_179' title='bbox 636 3159 696 3224; x_wconf 77' lang='lat' dir='ltr'><strong>Lx,</strong></span> <span class='ocrx_word' id='word_1_180' title='bbox 711 3176 751 3229; x_wconf 89' lang='lat'><strong>17.</strong></span> <span class='ocrx_word' id='word_1_181' title='bbox 766 3160 847 3211; x_wconf 82' lang='lat' dir='ltr'><strong>-In</strong></span> <span class='ocrx_word' id='word_1_182' title='bbox 861 3175 907 3230; x_wconf 77' lang='lat' dir='ltr'><strong>pe-</strong></span> <span class='ocrx_word' id='word_1_183' title='bbox 987 3173 1012 3226; x_wconf 86' lang='lat'><strong>7.</strong></span> <span class='ocrx_word' id='word_1_184' title='bbox 1042 3156 1145 3208; x_wconf 82' lang='lat' dir='ltr'><strong>Rabirio</strong></span> <span class='ocrx_word' id='word_1_185' title='bbox 1162 3155 1310 3214; x_wconf 58' lang='lat' dir='ltr'><strong>Portunum·</strong></span> <span class='ocrx_word' id='word_1_186' title='bbox 1328 3146 1369 3220; x_wconf 73' lang='lat' dir='ltr'><strong>qui</strong></span> <span class='ocrx_word' id='word_1_187' title='bbox 1383 3158 1433 3194; x_wconf 65' lang='lat' dir='ltr'><strong>cum</strong></span> 
     </span>
     <span class='ocr_line' id='line_1_25' title="bbox 406 3231 1435 3314; baseline -0.006 -25"><span class='ocrx_word' id='word_1_188' title='bbox 406 3239 581 3310; x_wconf 74' lang='lat' dir='ltr'><strong>tegrinitatem</strong></span> <span class='ocrx_word' id='word_1_189' title='bbox 598 3240 702 3314; x_wconf 73' lang='lat' dir='ltr'><strong>redepit.</strong></span> <span class='ocrx_word' id='word_1_190' title='bbox 717 3237 784 3292; x_wconf 84' lang='lat' dir='ltr'><strong>Vide</strong></span> <span class='ocrx_word' id='word_1_191' title='bbox 802 3251 858 3290; x_wconf 89' lang='lat' dir='ltr'><strong>not.</strong></span> <span class='ocrx_word' id='word_1_192' title='bbox 872 3237 907 3290; x_wconf 87' lang='lat' dir='ltr'><strong>ad</strong></span> <span class='ocrx_word' id='word_1_193' title='bbox 950 3235 983 3288; x_wconf 77' lang='lat' dir='ltr'><strong>A.</strong></span> <span class='ocrx_word' id='word_1_194' title='bbox 997 3234 1111 3287; x_wconf 86' lang='lat' dir='ltr'><strong>Gabinio</strong></span> <span class='ocrx_word' id='word_1_195' title='bbox 1125 3231 1333 3304; x_wconf 85' lang='lat' dir='ltr'><strong>repetundarum</strong></span> <span class='ocrx_word' id='word_1_196' title='bbox 1346 3236 1435 3277; x_wconf 60' lang='lat'>³⁰⁰⁰*</span> 
     </span>
     <span class='ocr_line' id='line_1_26' title="bbox 407 3297 1435 3388; baseline -0.012 -20"><span class='ocrx_word' id='word_1_197' title='bbox 407 3336 466 3388; x_wconf 82' lang='lat' dir='ltr'><strong>cap.</strong></span> <span class='ocrx_word' id='word_1_198' title='bbox 482 3335 541 3388; x_wconf 89' lang='lat' dir='ltr'><strong>sup.</strong></span> <span class='ocrx_word' id='word_1_199' title='bbox 951 3328 993 3367; x_wconf 85' lang='lat' dir='ltr'><strong>tus</strong></span> <span class='ocrx_word' id='word_1_200' title='bbox 1005 3331 1036 3366; x_wconf 86' lang='lat' dir='ltr'><strong>ex</strong></span> <span class='ocrx_word' id='word_1_201' title='bbox 1046 3311 1198 3384; x_wconf 73' lang='lat' dir='ltr'><strong>lege-lulio,</strong></span> <span class='ocrx_word' id='word_1_202' title='bbox 1207 3325 1348 3385; x_wconf 82' lang='lat' dir='ltr'><strong>patronum</strong></span> <span class='ocrx_word' id='word_1_203' title='bbox 1357 3297 1435 3356; x_wconf 64' lang='lat' dir='ltr'><strong>habuit</strong></span> 
     </span>
    </p>

    <p class='ocr_par' dir='ltr' id='par_1_6' title="bbox 381 3389 1436 3704">
     <span class='ocr_line' id='line_1_27' title="bbox 444 3389 1435 3450; baseline -0.011 -1"><span class='ocrx_word' id='word_1_204' title='bbox 444 3397 468 3449; x_wconf 84' lang='lat'><strong>5.</strong></span> <span class='ocrx_word' id='word_1_205' title='bbox 487 3397 527 3448; x_wconf 79' lang='lat' dir='ltr'><strong>Aa</strong></span> <span class='ocrx_word' id='word_1_206' title='bbox 541 3399 597 3450; x_wconf 77' lang='lat' dir='ltr'><strong>sine</strong></span> <span class='ocrx_word' id='word_1_207' title='bbox 609 3408 763 3449; x_wconf 80' lang='lat' dir='ltr'><strong>commeatu.</strong></span> <span class='ocrx_word' id='word_1_208' title='bbox 781 3400 821 3450; x_wconf 85' lang='lat' dir='ltr'><strong>De</strong></span> <span class='ocrx_word' id='word_1_209' title='bbox 836 3413 908 3449; x_wconf 87' lang='lat' dir='ltr'><strong>eom·</strong></span> <span class='ocrx_word' id='word_1_210' title='bbox 951 3394 1116 3445; x_wconf 83' lang='lat' dir='ltr'><strong>Ciceronem.</strong></span> <span class='ocrx_word' id='word_1_211' title='bbox 1139 3390 1212 3444; x_wconf 86' lang='lat' dir='ltr'><strong>ldem</strong></span> <span class='ocrx_word' id='word_1_212' title='bbox 1230 3389 1435 3444; x_wconf 64' lang='lat' dir='ltr'><strong>commentemur</strong></span> 
     </span>
     <span class='ocr_line' id='line_1_28' title="bbox 381 3465 1371 3546; baseline -0.009 -20"><span class='ocrx_word' id='word_1_213' title='bbox 381 3486 493 3538; x_wconf 62' lang='lat' dir='ltr'><strong>‚matre</strong></span> <span class='ocrx_word' id='word_1_214' title='bbox 516 3473 673 3528; x_wconf 81' lang='lat' dir='ltr'><strong>Senatorum</strong></span> <span class='ocrx_word' id='word_1_215' title='bbox 695 3474 755 3527; x_wconf 83' lang='lat' dir='ltr'><strong>ride</strong></span> <span class='ocrx_word' id='word_1_216' title='bbox 780 3475 851 3546; x_wconf 85' lang='lat' dir='ltr'><strong>Lipt.</strong></span> <span class='ocrx_word' id='word_1_217' title='bbox 874 3473 907 3524; x_wconf 87' lang='lat' dir='ltr'><strong>ad</strong></span> <span class='ocrx_word' id='word_1_218' title='bbox 952 3472 986 3526; x_wconf 86' lang='lat' dir='ltr'><strong>ab</strong></span> <span class='ocrx_word' id='word_1_219' title='bbox 1000 3474 1100 3540; x_wconf 87' lang='lat' dir='ltr'><strong>Hirtio,</strong></span> <span class='ocrx_word' id='word_1_220' title='bbox 1114 3471 1270 3525; x_wconf 75' lang='lat' dir='ltr'><strong>Belldlrie.</strong></span> <span class='ocrx_word' id='word_1_221' title='bbox 1283 3465 1371 3539; x_wconf 76' lang='lat' dir='ltr'><strong>eupli·</strong></span> 
     </span>
     <span class='ocr_line' id='line_1_29' title="bbox 407 3541 1436 3623; baseline -0.007 -18"><span class='ocrx_word' id='word_1_222' title='bbox 407 3555 492 3607; x_wconf 79' lang='lat' dir='ltr'><strong>Tacit.</strong></span> <span class='ocrx_word' id='word_1_223' title='bbox 506 3551 603 3606; x_wconf 77' lang='lat' dir='ltr'><strong>Annal.</strong></span> <span class='ocrx_word' id='word_1_224' title='bbox 615 3553 676 3620; x_wconf 78' lang='grc' dir='ltr'><strong>ΧΠ,</strong></span> <span class='ocrx_word' id='word_1_225' title='bbox 692 3554 740 3621; x_wconf 73' lang='lat'><strong>23,</strong></span> <span class='ocrx_word' id='word_1_226' title='bbox 754 3567 779 3605; x_wconf 88' lang='lat' dir='ltr'><strong>et</strong></span> <span class='ocrx_word' id='word_1_227' title='bbox 792 3553 860 3606; x_wconf 82' lang='lat' dir='ltr'><strong>infra</strong></span> <span class='ocrx_word' id='word_1_228' title='bbox 872 3551 907 3605; x_wconf 85' lang='lat' dir='ltr'><strong>ad</strong></span> <span class='ocrx_word' id='word_1_229' title='bbox 988 3553 1013 3606; x_wconf 83' lang='grc'><strong>8.</strong></span> <span class='ocrx_word' id='word_1_230' title='bbox 1028 3553 1069 3603; x_wconf 82' lang='grc' dir='ltr'><strong>Εο</strong></span> <span class='ocrx_word' id='word_1_231' title='bbox 1080 3551 1193 3623; x_wconf 75' lang='lat' dir='ltr'><strong>quidm.</strong></span> <span class='ocrx_word' id='word_1_232' title='bbox 1206 3549 1292 3601; x_wconf 83' lang='lat' dir='ltr'><strong>Wolf.</strong></span> <span class='ocrx_word' id='word_1_233' title='bbox 1305 3541 1436 3614; x_wconf 65' lang='lat' dir='ltr'><strong>,aspicitur</strong></span> 
     </span>
     <span class='ocr_line' id='line_1_30' title="bbox 407 3629 1282 3704; baseline -0.002 -21"><span class='ocrx_word' id='word_1_234' title='bbox 407 3651 465 3704; x_wconf 77' lang='lat' dir='ltr'><strong>esp.</strong></span> <span class='ocrx_word' id='word_1_235' title='bbox 483 3633 524 3684; x_wconf 78' lang='lat'><strong>23.</strong></span> <span class='ocrx_word' id='word_1_236' title='bbox 952 3630 1109 3704; x_wconf 86' lang='lat' dir='ltr'><strong>legendum,</strong></span> <span class='ocrx_word' id='word_1_237' title='bbox 1123 3629 1282 3701; x_wconf 64' lang='lat' dir='ltr'><strong>atquem.</strong></span> 
     </span>
    </p>

    <p class='ocr_par' dir='ltr' id='par_1_7' title="bbox 405 3699 1436 4340">
     <span class='ocr_line' id='line_1_31' title="bbox 442 3699 1435 3785; baseline -0.011 -21"><span class='ocrx_word' id='word_1_238' title='bbox 442 3711 467 3764; x_wconf 88' lang='lat'><strong>6.</strong></span> <span class='ocrx_word' id='word_1_239' title='bbox 481 3711 906 3785; x_wconf 74' lang='lat' dir='ltr'><strong>Quodoometreqitinprovineio‚</strong></span> <span class='ocrx_word' id='word_1_240' title='bbox 986 3727 1012 3779; x_wconf 87' lang='lat'><strong>9.</strong></span> <span class='ocrx_word' id='word_1_241' title='bbox 1037 3711 1081 3763; x_wconf 84' lang='lat' dir='ltr'><strong>Ad</strong></span> <span class='ocrx_word' id='word_1_242' title='bbox 1097 3707 1242 3783; x_wconf 75' lang='lat' dir='ltr'><strong>Sigillaria.</strong></span> <span class='ocrx_word' id='word_1_243' title='bbox 1266 3704 1331 3758; x_wconf 82' lang='lat' dir='ltr'><strong>Vide</strong></span> <span class='ocrx_word' id='word_1_244' title='bbox 1349 3699 1435 3752; x_wconf 69' lang='lat' dir='ltr'><strong>Nem·</strong></span> 
     </span>
     <span class='ocr_line' id='line_1_32' title="bbox 406 3779 1436 3856; baseline -0.005 -14"><span class='ocrx_word' id='word_1_245' title='bbox 406 3803 457 3842; x_wconf 84' lang='lat' dir='ltr'><strong>etc.</strong></span> <span class='ocrx_word' id='word_1_246' title='bbox 471 3791 573 3842; x_wconf 79' lang='lat' dir='ltr'><strong>Ernest.</strong></span> <span class='ocrx_word' id='word_1_247' title='bbox 589 3787 714 3842; x_wconf 84' lang='lat' dir='ltr'><strong>additicia</strong></span> <span class='ocrx_word' id='word_1_248' title='bbox 727 3803 817 3844; x_wconf 83' lang='lat' dir='ltr'><strong>censet</strong></span> <span class='ocrx_word' id='word_1_249' title='bbox 826 3787 907 3842; x_wconf 82' lang='lat' dir='ltr'><strong>rerba</strong></span> <span class='ocrx_word' id='word_1_250' title='bbox 953 3791 995 3844; x_wconf 80' lang='lat' dir='ltr'><strong>all.</strong></span> <span class='ocrx_word' id='word_1_251' title='bbox 1009 3793 1058 3844; x_wconf 89' lang='lat' dir='ltr'><strong>llio</strong></span> <span class='ocrx_word' id='word_1_252' title='bbox 1067 3789 1158 3856; x_wconf 87' lang='lat' dir='ltr'><strong>loeus,</strong></span> <span class='ocrx_word' id='word_1_253' title='bbox 1168 3808 1221 3842; x_wconf 90' lang='lat' dir='ltr'><strong>uon</strong></span> <span class='ocrx_word' id='word_1_254' title='bbox 1232 3790 1343 3848; x_wconf 77' lang='lat' dir='ltr'><strong>festum,</strong></span> <span class='ocrx_word' id='word_1_255' title='bbox 1352 3779 1436 3846; x_wconf 69' lang='grc' dir='ltr'><strong>(10ψο</strong></span> 
     </span>
     <span class='ocr_line' id='line_1_33' title="bbox 405 3851 1435 3940; baseline -0.014 -19"><span class='ocrx_word' id='word_1_256' title='bbox 405 3871 434 3921; x_wconf 82' lang='lat' dir='ltr'><strong>ia</strong></span> <span class='ocrx_word' id='word_1_257' title='bbox 441 3867 585 3940; x_wconf 81' lang='lat' dir='ltr'><strong>provincia.</strong></span> <span class='ocrx_word' id='word_1_258' title='bbox 595 3866 647 3921; x_wconf 85' lang='lat' dir='ltr'><strong>Sed</strong></span> <span class='ocrx_word' id='word_1_259' title='bbox 658 3886 689 3920; x_wconf 89' lang='lat' dir='ltr'><strong>ea</strong></span> <span class='ocrx_word' id='word_1_260' title='bbox 699 3868 810 3920; x_wconf 84' lang='lat' dir='ltr'><strong>maxime</strong></span> <span class='ocrx_word' id='word_1_261' title='bbox 819 3883 906 3920; x_wconf 83' lang='lat' dir='ltr'><strong>neces·</strong></span> <span class='ocrx_word' id='word_1_262' title='bbox 952 3869 1052 3925; x_wconf 84' lang='lat' dir='ltr'><strong>dietum</strong></span> <span class='ocrx_word' id='word_1_263' title='bbox 1073 3868 1107 3922; x_wconf 85' lang='lat' dir='ltr'><strong>ad</strong></span> <span class='ocrx_word' id='word_1_264' title='bbox 1130 3887 1191 3940; x_wconf 83' lang='lat' dir='ltr'><strong>cup.</strong></span> <span class='ocrx_word' id='word_1_265' title='bbox 1211 3869 1246 3935; x_wconf 81' lang='lat'><strong>5,</strong></span> <span class='ocrx_word' id='word_1_266' title='bbox 1268 3851 1435 3929; x_wconf 75' lang='lat' dir='ltr'><strong>intelligendu·</strong></span> 
     </span>
     <span class='ocr_line' id='line_1_34' title="bbox 407 3930 1436 4022; baseline -0.008 -22"><span class='ocrx_word' id='word_1_267' title='bbox 407 3948 478 4000; x_wconf 83' lang='lat' dir='ltr'><strong>saria</strong></span> <span class='ocrx_word' id='word_1_268' title='bbox 490 3959 559 4000; x_wconf 81' lang='lat' dir='ltr'><strong>sunt.</strong></span> <span class='ocrx_word' id='word_1_269' title='bbox 573 3947 643 3999; x_wconf 88' lang='lat' dir='ltr'><strong>Nam</strong></span> <span class='ocrx_word' id='word_1_270' title='bbox 657 3946 683 3998; x_wconf 91' lang='lat' dir='ltr'><strong>id</strong></span> <span class='ocrx_word' id='word_1_271' title='bbox 698 3949 785 4018; x_wconf 87' lang='lat' dir='ltr'><strong>ipsum</strong></span> <span class='ocrx_word' id='word_1_272' title='bbox 797 3959 827 3998; x_wconf 88' lang='lat' dir='ltr'><strong>ut</strong></span> <span class='ocrx_word' id='word_1_273' title='bbox 840 3945 908 3998; x_wconf 88' lang='lat' dir='ltr'><strong>indi·</strong></span> <span class='ocrx_word' id='word_1_274' title='bbox 951 3953 1030 4004; x_wconf 73' lang='lat' dir='ltr'><strong>etiarn</strong></span> <span class='ocrx_word' id='word_1_275' title='bbox 1050 3949 1117 4004; x_wconf 82' lang='lat' dir='ltr'><strong>Gell.</strong></span> <span class='ocrx_word' id='word_1_276' title='bbox 1137 3951 1175 4016; x_wconf 90' lang='lat' dir='ltr'><strong>ll,</strong></span> <span class='ocrx_word' id='word_1_277' title='bbox 1191 3949 1223 4016; x_wconf 72' lang='grc'><strong>4,</strong></span> <span class='ocrx_word' id='word_1_278' title='bbox 1243 3947 1305 4002; x_wconf 86' lang='lat' dir='ltr'><strong>coll.</strong></span> <span class='ocrx_word' id='word_1_279' title='bbox 1320 3944 1355 4007; x_wconf 89' lang='lat' dir='ltr'><strong>V,</strong></span> <span class='ocrx_word' id='word_1_280' title='bbox 1370 3935 1395 4003; x_wconf 70' lang='lat' dir='ltr'><strong>l</strong></span> <span class='ocrx_word' id='word_1_281' title='bbox 1410 3930 1436 4022; x_wconf 43' lang='lat' dir='ltr'><strong>l&#39;fl</strong></span> 
     </span>
     <span class='ocr_line' id='line_1_35' title="bbox 406 4009 1436 4103; baseline 0.001 -25"><span class='ocrx_word' id='word_1_282' title='bbox 406 4045 489 4099; x_wconf 86' lang='lat' dir='ltr'><strong>gnum</strong></span> <span class='ocrx_word' id='word_1_283' title='bbox 502 4027 558 4079; x_wconf 75' lang='lat' dir='ltr'><strong>cite</strong></span> <span class='ocrx_word' id='word_1_284' title='bbox 573 4028 694 4079; x_wconf 85' lang='lat' dir='ltr'><strong>Romano</strong></span> <span class='ocrx_word' id='word_1_285' title='bbox 707 4027 810 4079; x_wconf 88' lang='lat' dir='ltr'><strong>crimini</strong></span> <span class='ocrx_word' id='word_1_286' title='bbox 824 4028 848 4079; x_wconf 86' lang='lat' dir='ltr'><strong>ei</strong></span> <span class='ocrx_word' id='word_1_287' title='bbox 861 4025 907 4078; x_wconf 85' lang='lat' dir='ltr'><strong>da·</strong></span> <span class='ocrx_word' id='word_1_288' title='bbox 951 4034 1064 4103; x_wconf 73' lang='lat' dir='ltr'><strong>septime</strong></span> <span class='ocrx_word' id='word_1_289' title='bbox 1073 4031 1153 4083; x_wconf 78' lang='lat' dir='ltr'><strong>Urbis</strong></span> <span class='ocrx_word' id='word_1_290' title='bbox 1163 4032 1269 4101; x_wconf 85' lang='lat' dir='ltr'><strong>regione</strong></span> <span class='ocrx_word' id='word_1_291' title='bbox 1280 4027 1357 4081; x_wconf 74' lang='lat' dir='ltr'><strong>luisse</strong></span> <span class='ocrx_word' id='word_1_292' title='bbox 1365 4009 1436 4069; x_wconf 52' lang='grc' dir='ltr'><strong>Μ’·</strong></span> 
     </span>
     <span class='ocr_line' id='line_1_36' title="bbox 406 4087 1435 4178; baseline 0.005 -20"><span class='ocrx_word' id='word_1_293' title='bbox 406 4107 499 4172; x_wconf 81' lang='lat' dir='ltr'><strong>batur,</strong></span> <span class='ocrx_word' id='word_1_294' title='bbox 512 4104 585 4177; x_wconf 88' lang='lat' dir='ltr'><strong>quod</strong></span> <span class='ocrx_word' id='word_1_295' title='bbox 595 4107 623 4157; x_wconf 87' lang='lat' dir='ltr'><strong>in</strong></span> <span class='ocrx_word' id='word_1_296' title='bbox 638 4107 776 4178; x_wconf 79' lang='lat' dir='ltr'><strong>provincia</strong></span> <span class='ocrx_word' id='word_1_297' title='bbox 788 4106 908 4158; x_wconf 77' lang='lat' dir='ltr'><strong>Romanu</strong></span> <span class='ocrx_word' id='word_1_298' title='bbox 952 4107 1031 4162; x_wconf 87' lang='lat' dir='ltr'><strong>ditur.</strong></span> <span class='ocrx_word' id='word_1_299' title='bbox 1054 4107 1133 4161; x_wconf 86' lang='lat' dir='ltr'><strong>Conf.</strong></span> <span class='ocrx_word' id='word_1_300' title='bbox 1154 4106 1283 4162; x_wconf 86' lang='lat' dir='ltr'><strong>Borriebii</strong></span> <span class='ocrx_word' id='word_1_301' title='bbox 1301 4106 1360 4162; x_wconf 76' lang='lat' dir='ltr'><strong>snt·</strong></span> <span class='ocrx_word' id='word_1_302' title='bbox 1380 4087 1435 4145; x_wconf 65' lang='lat' dir='ltr'><strong>Vll·</strong></span> 
     </span>
     <span class='ocr_line' id='line_1_37' title="bbox 406 4185 1435 4259; baseline 0.002 -23"><span class='ocrx_word' id='word_1_303' title='bbox 406 4186 476 4256; x_wconf 78' lang='lat' dir='ltr'><strong>regis</strong></span> <span class='ocrx_word' id='word_1_304' title='bbox 492 4187 611 4238; x_wconf 82' lang='lat' dir='ltr'><strong>extranei</strong></span> <span class='ocrx_word' id='word_1_305' title='bbox 626 4187 763 4238; x_wconf 79' lang='lat' dir='ltr'><strong>comitatui</strong></span> <span class='ocrx_word' id='word_1_306' title='bbox 775 4204 803 4238; x_wconf 82' lang='lat' dir='ltr'><strong>se</strong></span> <span class='ocrx_word' id='word_1_307' title='bbox 815 4185 908 4256; x_wconf 83' lang='lat' dir='ltr'><strong>adjun-</strong></span> <span class='ocrx_word' id='word_1_308' title='bbox 952 4190 1029 4241; x_wconf 84' lang='lat' dir='ltr'><strong>Rom.</strong></span> <span class='ocrx_word' id='word_1_309' title='bbox 1040 4190 1103 4241; x_wconf 81' lang='lat' dir='ltr'><strong>Fac.</strong></span> <span class='ocrx_word' id='word_1_310' title='bbox 1116 4206 1139 4240; x_wconf 84' lang='lat' dir='ltr'><strong>e.</strong></span> <span class='ocrx_word' id='word_1_311' title='bbox 1152 4205 1170 4259; x_wconf 88' lang='lat'>9</span> <span class='ocrx_word' id='word_1_312' title='bbox 1181 4186 1278 4258; x_wconf 75' lang='lat' dir='ltr'><strong>(Tho.</strong></span> <span class='ocrx_word' id='word_1_313' title='bbox 1288 4185 1367 4239; x_wconf 68' lang='grc' dir='ltr'><strong>οη*-</strong></span> <span class='ocrx_word' id='word_1_314' title='bbox 1379 4186 1435 4226; x_wconf 65' lang='lat'><strong>¹⁰⁸¹·</strong></span> 
     </span>
     <span class='ocr_line' id='line_1_38' title="bbox 407 4264 1149 4340; baseline 0.005 -24"><span class='ocrx_word' id='word_1_315' title='bbox 407 4267 494 4318; x_wconf 80' lang='lat' dir='ltr'><strong>xisset.</strong></span> <span class='ocrx_word' id='word_1_316' title='bbox 516 4264 574 4319; x_wconf 81' lang='lat' dir='ltr'><strong>Alia</strong></span> <span class='ocrx_word' id='word_1_317' title='bbox 587 4283 629 4318; x_wconf 84' lang='lat' dir='ltr'><strong>res</strong></span> <span class='ocrx_word' id='word_1_318' title='bbox 643 4279 714 4334; x_wconf 86' lang='lat' dir='ltr'><strong>erat,</strong></span> <span class='ocrx_word' id='word_1_319' title='bbox 733 4265 908 4338; x_wconf 74' lang='lat' dir='ltr'><strong>allegationis</strong></span> <span class='ocrx_word' id='word_1_320' title='bbox 952 4271 1043 4340; x_wconf 87' lang='lat' dir='ltr'><strong>1v‚p.</strong></span> <span class='ocrx_word' id='word_1_321' title='bbox 1059 4266 1149 4338; x_wconf 83' lang='lat'><strong>1563).</strong></span> 
     </span>
    </p>
   </div>
   <div class='ocr_carea' id='block_1_5' title="bbox 936 4389 949 4419">
    <p class='ocr_par' dir='ltr' id='par_1_8' title="bbox 936 4389 949 4419">
     <span class='ocr_line' id='line_1_39' title="bbox 936 4389 949 4419; baseline 0 0"><span class='ocrx_word' id='word_1_322' title='bbox 936 4389 949 4419; x_wconf 71' lang='lat' dir='ltr'><em>l</em></span> 
     </span>
    </p>
   </div>
   <div class='ocr_carea' id='block_1_6' title="bbox 0 0 1539 5152">
    <p class='ocr_par' dir='ltr' id='par_1_9' title="bbox 0 0 1539 5152">
     <span class='ocr_line' id='line_1_40' title="bbox 0 0 1539 5152; baseline 0 0"><span class='ocrx_word' id='word_1_323' title='bbox 0 0 1539 5152; x_wconf 95' lang='lat' dir='ltr'><strong> </strong></span> 
     </span>
    </p>
   </div>
  </div>
 </body>
</html>
