3076 5146
391 527 503 592 AULl
528 525 685 592 PERSII
710 527 835 591 VITA.
1070 531 1131 612 461

87 670 205 722 autem
217 655 297 722 vitio
312 651 494 736 stomachi,
513 676 603 720 anno
623 653 731 720 aetatis
744 653 942 731 tricesimoa.
962 653 1025 721 Sed
1039 677 1135 738 mox,

88 781 129 834 ut
149 790 171 832 a
192 763 306 833 schola
327 778 361 829 et
381 764 550 853 magistris
573 761 775 844 diverterat,
798 761 885 831 lecto
910 762 996 831 libro
1019 764 1137 832 Lucilii

87 875 240 957 decimo,
263 873 479 940 vehementer
499 875 620 940 Satires
642 896 843 964 componere
864 872 1015 941 studuit:
1039 872 1136 966 cujus

87 983 168 1052 libri
186 985 389 1076 principium
405 983 554 1048 imitatus
571 997 636 1062 est,
657 981 719 1048 sibi
739 985 863 1074 primo,
881 1008 959 1051 mox
979 983 1135 1052 omnibus

88 1091 354 1172 detrectaturus‚
373 1115 451 1158 cum
470 1106 562 1160 tanto
579 1095 763 1159 recentium
784 1108 959 1185 poetarum
977 1110 1010 1160 et
1026 1109 1135 1160 orato·

88 1230 168 1274 rum
190 1207 424 1285 insectatione,
447 1219 486 1270 ut
505 1206 604 1270 etiam
626 1207 793 1271 Neronem
816 1204 1010 1298 culpaverit.
1032 1201 1135 1298 Cujus

87 1339 208 1384 versus
223 1317 259 1382 in
272 1319 438 1383 Neronem
454 1337 559 1407 quum
573 1315 617 1378 ita
630 1335 666 1380 se
679 1311 834 1402 haberet,

251 1433 411 1538 Auricitlas
426 1475 505 1535 asini
513 1455 536 1515 ¹5
548 1474 635 1534 Mida
648 1495 699 1536 rex
711 1475 817 1556 babet,

89 1636 127 1700 in
145 1631 239 1700 hunc
256 1631 395 1700 modum
412 1654 433 1696 a
449 1633 598 1696 Cornuto
615 1631 688 1721 ipso
702 1627 934 1698 tantummodo
954 1646 1005 1698 est
1022 1653 1134 1698 emen-

89 1741 210 1823 datus,

253 1885 411 1946 Anniculus
424 1883 501 1945 asini
512 1887 575 1966 quis
589 1885 771 1978 nonhabet?

90 2064 136 2108 ne
146 2036 212 2106 hoc
224 2041 311 2103 Nero
324 2039 358 2103 in
371 2061 407 2104 se
419 2034 545 2103 dictum
557 2034 785 2105 arbitraretur.

90 2264 130 2314 Ita
144 2277 195 2311 nos
212 2257 294 2324 Galli,
311 2256 450 2310 r'arroeher
467 2275 503 2308 un
522 2254 592 2307 livre.
638 2260 697 2326 nio,
709 2259 766 2312 aiio
781 2269 874 2311 auctor
885 2256 957 2322 rite,
970 2253 1135 2307 consuleret

126 2358 153 2409 9.
174 2340 282 2390 Anno...
303 2337 436 2388 tricesimo·
455 2337 538 2387 Immo
557 2335 594 2386 υἱ·
638 2339 695 2390 vltae
710 2355 794 2392 annos
813 2355 867 2390 non
882 2336 1039 2401 convenire,
1057 2347 1135 2386 antea

91 2421 185 2472 cesimo
195 2431 301 2470 octavo:
315 2417 373 2468 vide
384 2433 474 2486 supra.
485 2415 522 2464 lta
531 2414 594 2464 ocri·
638 2417 881 2471 demonstravimus.

92 2502 145 2572 ptit
155 2498 280 2552 Wolfiua.
292 2497 450 2568 Plerumque
459 2496 487 2548 in
498 2495 594 2548 Sueto-
674 2513 709 2549 ιο.
716 2489 1049 2560 Aurimlasmiassetcbet.
1056 2491 1136 2559 ¹2¹¹?-
