3076 5146
365 487 431 570 432
742 478 1035 552 osuurorur

363 629 458 682 tanto
474 637 591 682 amore
609 636 689 704 erga
710 615 843 705 patroni
863 613 1062 679 memoriam
1084 613 1223 693 exstitit,
1245 629 1285 677 ut
1307 610 1407 679 Sallu·

365 727 467 804 stium
481 723 694 802 historicum,
708 721 800 816 quod
816 745 896 788 eum
914 723 1006 788 roris
1019 720 1178 812 improbi,
1194 723 1309 787 animo
1322 723 1406 788 inve-

365 834 562 918 recundo‚u
595 835 800 925 scripsisset,
829 833 1044 902 acerbissima
1071 834 1171 900 satira
1201 831 1406 912 laceraverit,

370 944 608 1012 «lastaurumu
629 960 664 1010 et
691 942 935 1028 «lurconem,»
962 960 996 1011 et
1023 943 1255 1012 «nebulonem
1276 945 1407 1034 popino·
1520 935 1522 958 ⁴

366 1079 538 1151 nemque»
555 1053 747 1147 appellans,
762 1072 796 1122 et
814 1085 827 1114 κ
841 1057 908 1120 vita
923 1056 1122 1148 scriptisque
1133 1069 1404 1134 monstrosum,-

365 1181 528 1258 praeterea
548 1167 764 1258 «priscorum
779 1167 981 1260 Catonisque
998 1165 1179 1234 verborum
1195 1161 1409 1231 ineruditissi-

367 1301 463 1344 mum
481 1277 600 1344 furem.
617 1306 630 1336 a
649 1275 808 1344 Traditur
824 1291 937 1344 autem
953 1300 1039 1370 puer
1052 1276 1164 1344 adbuc
1180 1275 1320 1344 Athenis
1338 1275 1408 1342 sub

367 1399 524 1482 reptus¹,
543 1388 706 1480 refugisse
725 1391 761 1455 in
782 1392 944 1481 patriam,
967 1393 1201 1484 perceptisque
1221 1387 1408 1456 liberalibus

367 1485 568 1601 disciplinis,
591 1502 738 1593 pretium
758 1525 859 1593 suurn
879 1500 1018 1571 domino
1039 1501 1211 1600 retulisse,
1232 1526 1351 1570 verum
1372 1501 1410 1568 ob

368 1612 541 1704 ingenium
553 1626 587 1678 et
597 1608 785 1678 doctrinam
799 1615 900 1704 gratis
913 1614 1151 1680 manumissus.

415 1726 503 1790 XVI.
528 1723 569 1808 Q.
584 1727 741 1792 Cracrurus
753 1729 914 1806 Eusori,
929 1722 1070 1792 Tusculi
1080 1741 1199 1820 natus,
1209 1723 1352 1792 libertus
1363 1730 1411 1790 lt-

369 1835 442 1916 tici,
460 1835 591 1927 Equitis
609 1837 766 1914 Romani,
785 1832 828 1902 ad
847 1859 948 1930 quem
968 1850 1049 1910 sunt
1065 1836 1233 1903 Ciceronis
1252 1834 1409 1926 epistolae,

370 1967 477 2038 quum
493 1943 596 2010 filiam
614 1948 764 2036 patroni,
784 1963 927 2038 nuptam
943 1950 1058 2014 Marco
1074 1948 1247 2039 Agrippae,
1267 1944 1409 2025 doceret,

370 2070 546 2146 suspectus
558 2057 594 2121 in
603 2081 660 2138 ea,
673 2056 760 2148 etob
772 2056 836 2125 hoc
847 2074 1012 2140 remotus,
1023 2055 1066 2126 ad
1077 2057 1272 2125 Cornelium
1283 2055 1411 2124 Gallum

371 2190 407 2233 se
421 2167 580 2236 contulit:
597 2171 746 2262 vixitque
762 2192 829 2236 una
846 2169 1119 2268 familiarissime,
1136 2167 1229 2263 quod
1242 2170 1308 2260 ipsi
1322 2165 1410 2235 Gallo

371 2280 459 2346 inter
468 2279 863 2371 gravissimacriminaab
873 2288 1024 2374 Augusto
1034 2277 1411 2374 objicitur.·¹Postdeinde

372 2387 623 2469 damnationem
633 2409 842 2486 mortemque
853 2390 955 2472 Galli,
969 2389 1120 2460 scholam
1129 2393 1278 2483 aperuit3
1290 2390 1348 2457 sed
1358 2393 1412 2466 ita,

372 2513 411 2566 ut
425 2503 560 2591 paucis,
575 2518 610 2569 et
622 2517 755 2569 tantum
768 2500 1037 2574 adolescentibus
1049 2503 1264 2596 praeciperet,
1280 2516 1414 2593 praetex-

371 2627 441 2678 tato
452 2613 594 2696 nemini,
606 2616 670 2680 nisi
682 2617 711 2680 si
723 2611 820 2707 cujus
833 2617 964 2706 parenti
969 2613 1040 2700 boc
1051 2613 1202 2682 officium
1215 2637 1339 2705 negare
1349 2635 1413 2677 non

371 2738 495 2816 posset.
510 2726 641 2792 Primus
653 2723 777 2793 dicitur
788 2729 905 2793 Latino
917 2750 958 2793 ex
971 2742 1123 2818 tempore
1133 2725 1341 2820 disputasse,
1354 2725 1413 2814 pri·

372 2832 700 2930 musqueVirgilium
707 2851 741 2904 et
749 2834 832 2904 alios
840 2853 956 2929 poetas
964 2859 1069 2905 novos
1076 2836 1260 2931 praelegere
1268 2835 1412 2928 coepisse,

372 2937 465 3038 quod
479 2945 582 3012 etiam
594 2946 731 3012 Domitii
742 2949 847 3013 Marsi
860 2945 1046 3014 versiculus
1058 2944 1198 3029 indicat,

386 3163 390 3170 .
492 3079 636 3162 Epirota,
647 3079 833 3140 tenellorum
847 3079 1003 3141 nutricula
1013 3093 1131 3168 vatum,

361 3247 363 3254 ·
418 3214 523 3278 XVII.
539 3215 678 3279 Venatus
690 3210 1204 3295 Furccus,libertinus,docendi
1216 3233 1341 3304 genere
1353 3232 1417 3274 ma·

374 3324 462 3390 xime
475 3323 642 3394 inclaruit.
659 3330 811 3419 Namque
825 3325 867 3392 ad
884 3325 1096 3394 exercitanda
1110 3323 1313 3392 discentium
1331 3325 1417 3412 inge-

372 3434 429 3500 nia
446 3433 593 3528 aequales
611 3438 699 3502 inter
716 3460 752 3504 se
767 3437 977 3504 committere
996 3434 1140 3518 solebat,
1159 3435 1335 3528 proposita
1353 3454 1418 3498 non

374 3543 485 3611 solum
503 3549 658 3629 materia,
678 3571 780 3641 quam
797 3545 995 3630 scriberent,
1018 3545 1077 3614 sed
1098 3563 1132 3613 et
1150 3547 1310 3637 praemio,
1332 3540 1419 3636 quod

265 3649 267 3658 ¹
373 3657 480 3724 victor
497 3656 654 3724 auferret.
676 3656 714 3724 ld
732 3673 803 3726 erat
820 3657 904 3725 liber
922 3656 1044 3752 aliquis
1066 3659 1244 3752 antiquus,
1265 3651 1418 3747 pulcher,

372 3782 432 3832 aut
444 3768 560 3834 rarior.
573 3771 685 3854 Quare
693 3768 737 3836 ab
749 3776 900 3861 Augusto
913 3792 1048 3864 quoque
1059 3766 1239 3861 nepotibus
1252 3762 1326 3857 ejus
1340 3785 1406 3854 prae

374 3893 490 3969 ceptor
504 3875 646 3962 electus,
661 3880 793 3945 transiit
806 3880 840 3944 in
859 3877 1023 3946 Palatium
1042 3902 1120 3946 cum
1134 3891 1204 3944 tota
1219 3871 1353 3954 schola;
1371 3893 1421 3937 ve·

410 4036 467 4088 XV.
489 4054 511 4089 1.
530 4037 640 4092 Attene
658 4040 795 4112 subreptus.
814 4041 875 4091 Hac
920 4057 1025 4092 sensum
1037 4037 1144 4111 prabet.
1157 4037 1240 4089 Gron.
1254 4033 1363 4104 conjicit
1374 4030 1424 4080 ca·

374 4118 475 4170 Heinsii
488 4131 527 4170 est
540 4119 701 4172 emendatio.
712 4118 789 4190 Vulg.
806 4132 875 4172 catc-
921 4119 990 4170 tiooe.
1005 4117 1110 4168 Certum
1120 4115 1172 4167 boc
1184 4112 1299 4176 videtur,
1310 4109 1344 4160 de
1354 4123 1421 4178 qna·

376 4196 431 4262 ab,
451 4197 525 4269 quod
541 4199 644 4254 nullum
661 4200 703 4254 vel
721 4199 876 4273 impeditum
921 4189 1418 4269 cumqueroflionesermonembicesse.
1521 4255 1522 4264 ἵ
