3076 5146
482 543 802 648 DOMITIANUS.
1101 552 1164 636 407

115 671 335 763 epistolant,
355 673 403 739 sic
423 673 541 763 coepitz
572 672 766 738 sDominus
782 687 815 738 et
834 672 946 738 Deus⁵
966 687 1082 741 noster
1102 673 1168 742 boc

115 779 191 849 fieri
202 780 312 876 jubet.
328 813 342 845 s
360 781 459 850 Unde
470 783 660 853 institutum
673 779 832 873 posthac,
848 799 886 849 ut
900 805 943 850 ne
957 785 1081 876 scripto
1096 787 1168 880 qui

113 891 198 960 dem
214 915 256 960 ae
270 913 424 961 sermone
438 890 639 987 cujusquam
652 891 880 984 appellaretur
892 891 999 960 aliter.
1015 889 1167 964 ⁶Statuas

114 1001 182 1070 sibi
192 1005 232 1069 in
244 1000 407 1094 Capitolio
418 1025 489 1068 non
502 1003 566 1068 nisi
579 1023 699 1068 aureas
714 1015 748 1068 et
760 1017 936 1093 argenteas
950 1006 1031 1095 poni
1044 1009 1167 1096 permi-

113 1113 179 1194 sit,
199 1133 241 1178 ac
256 1109 415 1203 ponderis
433 1113 527 1178 certi.
547 1115 650 1178 Janos
667 1115 840 1204 arcusque
854 1134 932 1180 cum
949 1111 1118 1205 quadrigis
1135 1131 1169 1182 et

1 1271 2 1277 κ
111 1220 308 1314 insignibus
323 1217 574 1312 triumphorum
587 1243 648 1313 per
662 1224 816 1312 regiones
829 1221 930 1290 Urbis
942 1237 1054 1292 tantos
1069 1245 1108 1290 ac
1118 1240 1169 1293 tot

113 1333 307 1414 exstruxit,
333 1346 371 1398 ut
393 1329 526 1398 cuidam
551 1334 667 1399 Graece
692 1335 892 1424 inscriptum
917 1335 980 1401 sit:
1008 1338 1167 1402 ΑΡΚΕΠ.

112 1442 323 1510 Consulatus
336 1441 577 1534 septemdecim
589 1432 709 1534 cepitfl,
723 1458 807 1537 quot
817 1460 895 1511 ante
904 1467 983 1511 eum
994 1467 1104 1512 nemo.
1119 1450 1169 1513 Ex

112 1553 244 1649 qtribus
262 1569 391 1646 septem
410 1553 537 1624 medios
557 1557 782 1622 continuavit:
805 1578 923 1624 omnes
941 1569 1054 1624 autem
1071 1577 1169 1649 paene

111 1663 220 1736 titulo
233 1683 332 1734 tenus
349 1670 469 1758 gessit:
488 1690 551 1733 nec
565 1689 771 1763 quemquam
785 1668 874 1736 ultra
889 1668 1056 1737 Kalendas
1070 1671 1169 1737 Maii:

111 1776 237 1869 plures
252 1774 296 1843 ad
310 1775 390 1844 Idus
406 1799 515 1871 usque
528 1779 716 1845 lanuarias.
735 1781 813 1846 Post
827 1794 941 1846 autem
955 1777 1040 1848 duos
1055 1781 1170 1848 trium-

151 2016 180 2083 4.
200 2016 378 2069 Fonnelem...
396 2014 549 2089 epistolam
566 2019 582 2068 i.
599 2037 622 2069 e.
669 2016 1170 2086 lts'l'urneb.Advers.V,10‚etXX11‚
1258 2033 1263 2046 “

112 2097 207 2149 forms
218 2097 339 2150 sollemni
353 2098 548 2168 conscriptam,
562 2115 623 2150 cum
672 2097 712 2149 16.
726 2100 811 2150 Locus
826 2100 853 2150 iu
865 2098 938 2151 libris
950 2100 1096 2170 misere'est
1108 2117 1170 2150 cer·

76 2195 79 2200 ·
112 2175 243 2228 formulis
255 2177 390 2249 titulisque
402 2173 583 2228 sollemnibus.
668 2191 763 2248 ruptus
777 2197 808 2230 ex
819 2179 969 2250 ignorantia
980 2181 1052 2231 vocis
1065 2179 1169 2234 Graece.

152 2254 181 2308 5.
193 2257 322 2310 Dominus
333 2269 358 2308 et
369 2255 445 2308 Deus.
457 2255 496 2306 Cf.
508 2257 623 2308 Reimar.
667 2257 734 2309 Vide
746 2258 888 2310 burmann.
904 2273 930 2311 et
941 2255 1115 2330 Oudendorp.

114 2335 152 2387 sd
170 2334 273 2405 Xiphil.
291 2337 399 2401 vau,
420 2336 467 2400 1³,
482 2335 563 2388 modo
578 2339 623 2388 eit.
705 2337 730 2388 8.
742 2335 1079 2408 Consulatusseptenrdecim
1089 2339 1172 2408 σφῆς

47 2430 51 2440 “
114 2414 187 2465 Plin.
198 2415 296 2483 Paneg.
309 2413 359 2466 52:
376 2415 440 2466 «Tu
450 2413 560 2466 delubra
570 2433 625 2467 non
670 2433 764 2486 nempe
781 2414 876 2468 additis
892 2435 935 2469 sex
950 2417 1018 2482 illis,
1036 2434 1103 2487 quos
1117 2418 1172 2487 pri-

114 2495 170 2544 nisi
189 2491 349 2546 adoraturus
365 2497 464 2559 intras,
478 2494 528 2545 tibi
543 2497 625 2546 maxi·
669 2506 744 2545 vatus
754 2496 849 2564 gessitt
859 2494 918 2547 vide
927 2511 985 2566 cap.
996 2513 1019 2548 2.
1031 2495 1172 2546 Continua-

114 2589 181 2623 mns
193 2569 282 2623 bonor
296 2572 427 2624 excubare
443 2590 492 2642 pro
505 2571 624 2643 templis,
669 2574 804 2625 vitantem
813 2585 937 2626 actarum
947 2573 1077 2645 usquead
1090 2591 1173 2644 quar-

114 2649 298 2723 postibusque
318 2652 433 2723 praetexi.
457 2651 499 2703 Sic
520 2653 573 2716 sit,
595 2664 625 2704 ut
669 2665 725 2705 tum
737 2652 869 2706 decimum
879 2653 913 2706 ab
926 2673 989 2705 ann.
1002 2652 1052 2706 835
1064 2652 1096 2704 ud
1109 2651 1170 2718 841,

114 2730 171 2782 Dei
186 2748 319 2782 summum
336 2732 405 2782 inter
418 2729 537 2782 homines
551 2731 625 2783 fasti·
668 2731 696 2785 h.
707 2751 730 2783 e.
743 2745 838 2804 septem
850 2733 954 2786 medies.
967 2733 1060 2783 Postea
1072 2731 1171 2784 Consul

114 2812 195 2882 gium
211 2823 333 2877 servent,
349 2829 431 2882 quum
443 2812 556 2862 Deorum
573 2813 626 2884 ipse
668 2811 719 2862 fuit
728 2811 785 2876 XV,
795 2830 856 2864 ann.
868 2811 933 2877 8433
944 2812 1018 2874 XVI,
1028 2829 1090 2863 unu.
1103 2808 1170 2876 8455

1 2911 2 2916 ¹
116 2907 176 2943 non
188 2901 303 2961 appetas.
315 2913 327 2936 ι
337 2891 376 2941 Cf.
388 2891 489 2954 Victor,
502 2891 565 2943 Ces.
580 2907 625 2958 rt,
670 2901 696 2941 et
709 2891 795 2954 xvlt,
811 2907 872 2942 ann.
889 2890 947 2956 848.
961 2891 999 2941 Ex
1013 2891 1112 2941 Nostro
1125 2890 1172 2960 igi-

116 2981 146 3021 οι
159 2968 232 3038 Epit.
249 2983 289 3032 υς
302 2971 380 3022 Oros.
390 2973 452 3037 Vll,
468 2986 508 3022 10.
669 2983 712 3020 tur
725 2968 937 3039 interpretandus
950 2967 1050 3038 Xiphil.
1063 2969 1172 3036 LXVII,

155 3047 184 3100 6.
203 3046 324 3114 Statuas,
343 3061 393 3100 etc.
406 3047 482 3100 Coni.
495 3045 623 3120 xiphilin.
670 3049 703 3114 l,
718 3051 780 3120 qui:
800 3045 889 3104 teme
905 3047 942 3099 les
960 3045 1019 3099 δίκα
1038 3046 1120 3114 desei:
1122 3083 1169 3099 .....

116 3127 231 3194 van,
242 3127 271 3190 8,
284 3126 624 3202 ιὼίῐὶείιιιαωπηΕιιῑνορ.
669 3124 839 3197 ι’χιιμσονίθκ.
854 3129 983 3180 Nimirum
999 3139 1062 3199 post
1080 3130 1172 3180 uium-

1 3274 2 3278 ,
116 3203 625 3279 vn,15.Plin.Panegyr.5n:alra-
669 3205 753 3278 pbum
766 3205 952 3258 Germanicum
963 3204 1032 3257 idem
1046 3203 1132 3257 bonos
1148 3207 1172 3257 ei

118 3305 176 3359 qne
187 3299 262 3338 tuam
275 3299 387 3338 statuum
397 3289 425 3338 in
434 3287 564 3339 vestibulo
577 3289 625 3340 ,Ιο-
669 3285 783 3339 tributus
800 3297 839 3338 est
856 3305 871 3338 a
887 3287 1002 3351 Senatu,
1017 3286 1062 3356 qui
1075 3285 1172 3338 cesari

117 3369 159 3421 tls
171 3367 275 3437 Optimi
284 3368 393 3418 Mssimi
406 3383 487 3418 unam
503 3365 626 3418 alteram·
669 3363 744 3436 (vide
756 3363 790 3418 ad
801 3366 865 3418 Ome.
879 3384 902 3416 e.
914 3365 948 3433 76
959 3363 1048 3436 init),
1061 3362 1172 3416 sednon

117 3465 170 3513 ve,
183 3459 211 3498 et
225 3445 294 3497 benc
305 3463 418 3511 eneam,
434 3447 575 3498 cernimus.
590 3447 628 3497 At
671 3445 886 3499 confundendum
903 3444 956 3497 hoc
970 3443 1106 3497 decretum
1123 3443 1172 3497 Pa·

116 3525 205 3600 paulo
228 3537 290 3579 ante
309 3527 393 3579 aditus
413 3543 516 3593 omnes,
538 3544 626 3579 omnes
670 3535 740 3575 trum
764 3543 824 3576 cum
848 3522 942 3575 ordine
966 3523 1172 3589 consulatuum,

117 3605 231 3680 pedm,
255 3613 358 3677 totaque
381 3621 440 3655 area
461 3604 523 3656 ltine
543 3623 624 3670 auro,
671 3621 738 3676 quos
751 3621 842 3656 revera
853 3604 942 3676 gessit.
955 3602 1049 3674 Neque
1061 3601 1173 3654 andien-

121 3684 185 3736 lrs'ne
198 3694 305 3756 argento
319 3684 461 3748 relucebat,
478 3701 525 3736 seu
536 3686 625 3755 potius
670 3682 720 3736 dus
732 3683 832 3736 Auson.
843 3683 917 3736 Grat.
930 3685 987 3737 Act.
1003 3681 1038 3734 ad
1054 3683 1171 3734 Gratian.

119 3763 310 3835 polluebatur3
326 3781 406 3834 quum
419 3765 512 3815 incesti
525 3764 623 3815 Princi-
648 3805 650 3810 .
669 3759 734 3833 §27,
743 3765 785 3835 qui
795 3761 911 3834 pleniore
920 3761 1171 3830 ore,Domitianum

120 3844 164 3912 pis
175 3843 269 3894 statuis
280 3844 407 3913 permixta
420 3841 537 3893 Deorum
546 3844 625 3894 simu·
669 3853 765 3916 septem
777 3862 808 3895 ae
820 3843 905 3895 decem
916 3841 1063 3897 consulatus
1073 3840 1172 3892 invidia

121 3920 194 3973 lacre
205 3921 351 3974 sorderent.
361 3945 372 3969 s
384 3921 451 3972 Vide
464 3921 541 3973 etiarn
553 3922 624 3993 bips.
670 3920 1175 3996 alterosprovelrendicontinuandocun-

122 4000 157 4054 de
168 4003 260 4072 Magn.
272 4003 349 4053 Rom.
364 4002 413 4068 Ill,
426 4017 457 4069 9,
468 4003 515 4072 qui
528 4011 625 4052 eertum
669 4002 785 4066 seruisse,
800 3999 872 4053 dicit.
886 4001 980 4053 Verius
997 3998 1111 4064 Plinius,
1124 4001 1171 4048 Pa-

121 4081 224 4154 pondus
237 4082 319 4135 fuisse
337 4093 491 4146 centenum,
512 4081 593 4132 efficit
611 4099 626 4132 e
670 4097 759 4152 negyr.
778 4080 827 4146 58,
845 4081 929 4132 «Non
945 4077 1022 4143 tend
1037 4074 1172 4147 exemplar

123 4159 189 4214 stat.
203 4161 265 4213 Silv.
275 4161 310 4227 V,
323 4177 347 4227 1,
361 4176 418 4232 ¹9⁰·
671 4159 727 4229 ejus
739 4176 823 4225 voco,
835 4157 882 4230 qui
891 4156 1021 4210 continuis
1031 4149 1172 4208 consulati·

159 4257 185 4311 7.
200 4239 263 4292 Ut...
275 4239 429 4313 inscriptum
441 4242 489 4292 sit:
501 4237 624 4324 Arm.
672 4241 715 4292 tus
720 4239 823 4311 jecerat
835 4238 942 4310 longum
955 4236 1094 4311 quemdum
1106 4247 1131 4288 et
1142 4236 1172 4289 εἰ·
