3054 5152
391 529 461 620 176
767 529 802 592 C.
829 525 1059 594 SUETONH

389 672 495 752 pente
508 670 603 724 motu
618 671 714 722 terrae
728 652 861 722 theatro
870 663 914 736 ¹⁹,
927 669 1007 724 ante
1017 668 1158 720 canmre
1174 651 1316 736 destitit,
1334 674 1435 746 want

392 766 587 836 Inchoatum
604 763 895 856 absolveretao'pev.
912 761 1044 832 ibidem
1059 765 1200 856 saepius,
1217 779 1252 831 et
1268 787 1331 856 per
1345 785 1436 830 oom—

392 877 509 971 plures
523 877 670 944 cantauit
683 874 773 943 dies:
789 890 902 942 sumto
918 878 1019 943 etiam
1032 873 1076 942 ad
1090 873 1307 942 reficiendam
1322 895 1435 942 vocem

394 987 487 1056 brevi
506 1003 674 1079 tempore,
691 988 870 1080 impatiens
886 989 1006 1053 secreti
1023 1011 1044 1052 a
1061 984 1201 1054 balineis
1213 987 1252 1052 in
1271 984 1438 1053 theatrum

395 1099 547 1178 transiit,
560 1093 736 1190 mediaque
752 1097 788 1161 in
800 1095 972 1163 orchestra
987 1097 1163 1191 frequente
1183 1095 1310 1188 populo
1327 1093 1439 1187 epula-

389 1225 469 1288 tus„
489 1211 542 1275 «si
559 1205 701 1300 paulum
719 1204 938 1290 subbibisset,
952 1205 1081 1304 aliquid
1099 1231 1136 1275 se
1154 1207 1285 1275 sufferti
1299 1208 1438 1274 tinnitu-

341 1345 343 1353 ¹
390 1328 506 1388 rum¹¹
521 1348 557 1401 ,r
572 1320 688 1384 Graeoo
703 1341 857 1385 sermone
873 1320 1036 1409 promisit.
1054 1323 1180 1411 Captus
1195 1333 1311 1386 autem
1326 1315 1441 1384 modu

393 1429 471 1498 latis
488 1427 790 1498 Alexandrinorum
801 1425 1050 1496 laudationibus
1062 1445 1105 1510 ¹²,
1121 1427 1236 1524 quide
1251 1453 1343 1497 novo
1357 1451 1441 1496 eom-

395 1555 509 1608 meetu
520 1537 683 1630 Neapolin
692 1536 1271 1630 confluxerant,plures'llexandria
1281 1539 1439 1606 evocavit.

399 1657 515 1745 Neque
538 1674 578 1718 eo
597 1653 738 1742 segnius
763 1647 1032 1718 adolescentulos
1057 1652 1221 1746 equestris
1244 1649 1387 1732 ordinis,
1407 1664 1442 1716 et

397 1763 548 1856 quinque
557 1757 702 1851 amplius
716 1753 851 1840 millia¹³
867 1783 885 1825 e
899 1757 998 1852 plebe
1009 1759 1249 1828 robustissime
1257 1756 1441 1851 juvennttie

394 1872 549 1966 undique
563 1869 681 1964 elegit,
695 1872 757 1965 ¹qui
773 1869 870 1938 divisi
883 1874 917 1937 in
931 1871 1110 1954 laedones,
1125 1870 1307 1964 plausuum
1322 1893 1442 1962 genera

395 1983 631 2052 condiscerent
650 1982 807 2069 (bombos,
825 1998 859 2050 et
880 1983 1037 2065 imbrices,
1059 1998 1093 2048 et
1107 1995 1198 2049 testas
1211 1979 1379 2049 vocabant
1387 1979 1441 2065 ¹⁴),

398 2118 605 2189 operamque
621 2109 784 2161 navarent
801 2095 949 2161 cantanti
965 2093 1045 2178 sibi,
1060 2096 1208 2186 insignes
1225 2093 1443 2185 pinguissima

399 2191 496 2277 coma
508 2205 552 2286 ¹⁵,
565 2222 599 2277 et
610 2203 886 2272 excellentissimo
902 2203 996 2272 cultu
1011 2205 1107 2298 pueri
1118 2201 1160 2287 ¹⁶,
1177 2225 1241 2270 nec
1257 2205 1330 2270 sine
1341 2201 1443 2272 auttlo

401 2402 462 2466 uio,
473 2401 510 2452 tt.
520 2401 626 2454 ¹Licinio
639 2400 716 2454 Coss.
729 2400 808 2471 (nnn.
821 2400 901 2472 817),
946 2399 1091 2466 ixeirreete
1097 2402 1153 2472 jam
1161 2401 1251 2454 Graece
1260 2395 1380 2452 reddidit
1386 2398 1444 2448 Tne

395 2481 504 2532 acriore
512 2477 604 2532 indies
612 2478 737 2550 cupidine
745 2477 902 2552 adigebatur
945 2478 1007 2532 neb.
1019 2479 1127 2533 Adsere.
1140 2479 1266 2548 XXVIII,
1280 2477 1322 2531 tii.
1333 2479 1377 2531 ue
1389 2496 1444 2530 eor·

401 2560 488 2624 Nero,
500 2559 664 2629 promiscuas
676 2576 769 2611 scenas
780 2560 902 2632 frequen·
945 2559 1031 2630 ruptis
1046 2559 1158 2612 aliorum
1170 2557 1329 2612 lectionibus
1344 2557 1445 2631 sufferri

401 2636 484 2690 tandi.
498 2637 568 2690 Nam
578 2635 665 2687 adhuc
678 2655 725 2707 per
736 2636 844 2688 domum
856 2651 903 2689 aut
947 2653 974 2690 et
988 2637 1121 2710 suffertim
1131 2638 1160 2691 b.
1176 2638 1195 2690 l.
1211 2639 1300 2692 ‹lieere
1313 2658 1373 2691 non
1390 2639 1445 2690 atti·

400 2716 493 2769 hortos
510 2717 656 2781 cecinerat,
673 2713 844 2767 Iuvenalibus
859 2715 902 2767 ln·
947 2731 1001 2769 net.
1013 2719 1054 2771 De
1064 2718 1158 2771 vocab.
1167 2705 1253 2773 sanir
1265 2721 1293 2771 in
1301 2737 1335 2771 re
1346 2720 1446 2772 musica

400 2795 458 2862 dis,
473 2813 562 2866 quos,
576 2808 610 2847 ut
628 2812 721 2866 pamm
742 2793 859 2847 celebres
877 2806 903 2846 et
946 2798 1005 2851 vide
1017 2797 1169 2852 Schneider.
1181 2802 1267 2852 Lexic.
1281 2799 1367 2852 Graec.

397 2889 481 2928 tanta
504 2875 564 2927 roci
579 2887 729 2946 angustos,
751 2874 901 2945 spernebat.
987 2895 1026 2930 ra.
1045 2878 1226 2934 Modulatis...
1248 2878 1445 2932 laudationibus.

402 2954 464 3008 Non
479 2969 568 3008 tamen
578 2955 670 3006 Romae
682 2954 798 3024 insipere
810 2972 903 3022 ausus,
947 2955 1015 3009 Vide
1028 2956 1099 3027 Lips.
1116 2956 1149 3008 ad
1162 2959 1247 3010 Tacit.
1261 2958 1360 3010 Annei.
1375 2959 1446 3024 xvt,

401 3032 753 3107 NeapolimqunsiGrncam
762 3031 854 3085 urbem
862 3031 904 3086 de-
948 3036 980 3102 4,
991 3035 1052 3102 ubi,
1064 3058 1076 3082 ι
1086 3050 1112 3088 et
1122 3035 1199 3108 plebs
1210 3035 1350 3108 quidem...
1362 3055 1447 3110 perso·

402 3113 479 3188 legit,
487 3125 567 3166 ete.»
948 3113 1030 3167 nabat
1043 3117 1116 3169 certis
1126 3116 1208 3169 modis
1218 3116 1368 3189 plausuque
1379 3135 1446 3171 een·

442 3212 483 3248 ro.
510 3197 695 3247 conatae...
721 3191 830 3245 theatro.
850 3190 905 3244 'Ia-
947 3193 1061 3266 posito..
1511 3187 1517 3202 ⁴

403 3275 488 3326 citus:
508 3270 598 3336 «utic,
613 3270 733 3342 plerique
749 3283 778 3322 ut
794 3271 904 3323 arbitra·
988 3272 1027 3324 13.
1046 3273 1083 3322 Et
1093 3270 1208 3345 quisque
1219 3273 1335 3346 amplius
1348 3273 1447 3340 minu,

401 3351 511 3416 bantur,
527 3352 613 3416 triste,
632 3363 661 3402 ut
674 3351 747 3420 ipse,
764 3349 904 3424 providum
950 3363 999 3404 etc.
1014 3351 1055 3403 Gi.
1068 3349 1167 3422 Xipbil.
1180 3351 1252 3419 LXI,
1267 3371 1315 3420 ae,
1329 3355 1378 3407 ubi
1391 3356 1449 3408 Rei·

405 3431 495 3502 potios
505 3442 531 3481 et
540 3428 663 3481 secundis
672 3428 840 3496 numinibus,
850 3448 907 3482 eve·
950 3450 1016 3484 mar.
1028 3443 1055 3483 et
1065 3431 1147 3495 infra,
1161 3449 1221 3503 cap.
1235 3432 1278 3485 25.
1289 3435 1388 3501 Antea,
1402 3451 1449 3506 pro

404 3512 453 3562 uit.
462 3511 656 3577 Namegresso,
667 3507 850 3579 quiadluerat,
858 3528 906 3580 po·
950 3510 1040 3580 Neque
1051 3509 1205 3583 eosepnitc,
1214 3511 1307 3564 sualim
1318 3513 1412 3585 Neque
1422 3531 1450 3564 eo

406 3587 486 3660 pulo,
501 3604 616 3640 ramum
631 3597 658 3638 et
670 3587 726 3638 sine
740 3584 820 3639 ullius
836 3605 906 3640 noxa
950 3590 1042 3656 usius,
1060 3601 1090 3640 ut
1105 3607 1164 3660 cap.
1182 3591 1232 3658 24,
1247 3609 1316 3643 «nec
1328 3609 1360 3646 ee
1372 3592 1451 3645 secius

405 3669 538 3721 theatrum
557 3664 704 3736 collapsum
722 3680 792 3720 este
811 3669 906 3721 Postea
951 3681 1094 3720 coronatus
1104 3680 1179 3719 est.-

406 3745 471 3812 νόμος
483 3757 522 3797 est
534 3743 679 3810 canticum,
691 3761 811 3813 omnen,
819 3745 859 3797 ad
867 3748 906 3798 in·
989 3747 1029 3814 14.
1042 3749 1180 3812 Bombos...
1193 3751 1334 3814 vocabant,
1346 3769 1360 3803 a
1371 3749 1452 3803 diver·

406 3825 547 3880 stramenti
560 3823 723 3875 concinentis
733 3824 832 3876 modos
844 3824 907 3877 ada·
952 3846 982 3880 so
994 3845 1075 3893 sono,
1089 3845 1168 3898 quem
1178 3825 1281 3882 diverse
1291 3830 1450 3883 efficiebant.

407 3919 495 3973 etum,
507 3903 535 3958 ri
549 3897 755 3972 inseparate-m.
771 3905 848 3957 Conf.
863 3906 905 3957 in·
990 3905 1029 3959 1⁵.
1041 3908 1453 3980 Pinquissimeeomalisteextie

403 4000 486 4058 terpr.
501 3982 618 4038 adhunc
630 3980 730 4036 locum.
901 3988 905 3994 '
951 3983 1022 4054 eim,
1036 4003 1065 4040 ut
1074 3989 1180 4064 pinquis
1191 4000 1251 4062 topa
1262 3991 1374 4062 August.
1386 3992 1431 4044 82.

445 4083 485 4119 ιι.
504 4065 534 4118 Si
544 4061 654 4137 paulum
668 4063 841 4116 sulbibisset...
852 4085 906 4118 se...
990 4066 1030 4118 ro.
1050 4067 1138 4118 Pueri.
1155 4070 1315 4122 Varietatem
1333 4069 1453 4122 lectionis

407 4142 718 4200 tinniturumSubbibere
726 4141 909 4208 healtonali·
952 4158 979 4196 et
998 4147 1151 4198 innumeras
1173 4148 1290 4199 virorum
1312 4145 1453 4200 doctorum

405 4221 473 4292 quid
492 4219 597 4293 sufferti
618 4219 713 4273 tinnire
729 4212 864 4274 iniecerit
883 4243 907 4274 er
949 4225 1118 4293 conjectores
1129 4224 1188 4278 vide
1200 4225 1272 4298 apud
1286 4228 1388 4293 burne,
1400 4229 1454 4281 Ou-
