3068 5144
390 529 454 612 372
765 527 801 588 o.
827 524 1061 590 sonronu

383 679 490 751 qnam
507 652 652 720 ademit:
675 650 837 718 abstinuit
853 650 982 732 alieno,
1004 668 1042 718 ut
1063 653 1091 718 si
1111 655 1185 745 quis
1206 677 1376 747 unquam:
1398 679 1435 722 ac

386 793 430 834 ne
451 789 627 834 concessas
649 763 788 859 quidem
808 789 848 832 ac
868 762 981 831 solitas
1003 762 1218 833 collationes⁷
1239 769 1376 859 recepit
1398 771 1435 834 Et

383 897 499 947 tamen
513 879 648 944 nemine
661 893 739 942 ante
754 899 791 942 se
805 874 1036 942 munificentia
1047 877 1168 942 minor.
1183 876 1435 968 Amphitheatro

386 989 540 1058 dedicato
550 987 579 1070 ⁸,
592 987 800 1082 thermisque
809 985 907 1080 juxta
919 985 1072 1052 celeriter
1083 990 1300 1070 exstructis9,
1316 1012 1434 1056 munus

382 1101 490 1169 edidit
499 1116 526 1148 ¹⁰
539 1101 836 1192 apparatissimum
848 1097 1152 1190 largissimumque.
1163 1097 1262 1164 Dedit
1273 1114 1308 1165 et
1321 1098 1435 1166 navale

385 1211 541 1306 praelium
556 1215 592 1278 in
608 1213 713 1278 veteri
730 1208 946 1277 naumachia:
965 1206 1090 1275 ibidem
1108 1225 1141 1275 et
1156 1207 1374 1301 gladiatores:
1391 1227 1435 1277 at·

384 1345 453 1416 que
467 1345 538 1389 uno
551 1320 606 1388 die
623 1323 774 1414 quinque
788 1317 892 1386 millia
907 1342 1007 1385 omne
1022 1341 1128 1410 genus
1145 1318 1303 1385 ferarum.

431 1437 521 1500 Vlll.
547 1438 673 1499 Natura
694 1449 810 1498 autem
828 1417 1181 1510 benevolendssimuS,
1194 1451 1313 1524 'quum
1331 1456 1372 1498 ex
1392 1435 1434 1498 'm-

380 1548 501 1613 stituto
517 1543 642 1611 Tiberii
661 1566 779 1610 omnes
791 1541 920 1610 dehinc
938 1547 1086 1609 Caesares
1105 1539 1287 1624 beneficia,
1306 1567 1327 1608 a
1345 1566 1434 1635 supe

384 1654 528 1724 rioribus
545 1677 704 1722 concessa
723 1653 952 1746 Principibus,
969 1653 1065 1720 aliter
1083 1669 1155 1720 rata
1172 1676 1240 1720 non
1258 1653 1433 1737 haberent,

380 1791 489 1862 quam
502 1768 530 1833 si
541 1765 658 1834 eadem
671 1764 790 1832 iisdem
804 1780 838 1831 et
849 1766 913 1858 ipsi
926 1762 1112 1845 dedissent,
1128 1766 1258 1856 primus
1271 1769 1435 1856 praeterita

383 1880 497 1948 omnia
509 1900 578 1945 uno
592 1876 802 1945 confirmavit
817 1876 926 1944 edicto
939 1886 945 1912 ¹
958 1903 967 1958 3
984 1901 1046 1944 nec
1064 1900 1084 1942 a
1102 1899 1138 1942 se
1154 1878 1223 1968 peti
1240 1899 1363 1967 passus
1376 1893 1431 1944 est.

383 1994 427 2058 'In
435 1992 553 2059 ceteris
563 2013 644 2058 vero
654 1988 829 2056 desideriis
841 1988 1035 2056 bominum²
1048 1986 1310 2055 obstinatissime
1320 1991 1433 2070 tenuit,

385 2126 429 2168 ne
447 2125 550 2197 quem
569 2103 641 2168 sine
658 2124 717 2192 spe
734 2099 927 2167 dimitteret.
947 2101 1036 2186 Quin
1055 2114 1088 2166 et
1104 2096 1367 2165 admonentibus
1382 2097 1433 2165 do

384 2215 551 2293 mesticis,
570 2242 585 2271 a
596 2214 692 2306 quasi
707 2210 807 2303 plura
822 2208 1052 2302 polliceretur,
1068 2231 1170 2303 quam
1185 2197 1350 2301 praesteire
1365 2232 1433 2302 pos

387 2339 483 2390 seta
520 2327 620 2390 «Non
647 2339 852 2414 oportere,u
883 2323 948 2404 ait,
979 2343 1212 2414 «quemquam
1236 2345 1257 2386 a
1282 2345 1432 2388 sermone

386 2435 548 2526 Principis
577 2435 707 2500 tristem
732 2431 946 2500 discedere.»
979 2439 1087 2526 Atque
1115 2433 1215 2499 etiam
1241 2433 1431 2501 recordatus

386 2540 559 2638 q'uondam
582 2565 685 2634 super
709 2566 858 2624 coenam,
883 2540 973 2636 quod
996 2541 1080 2610 nihil
1104 2545 1264 2636 cuiquam
1289 2559 1361 2612 toto
1384 2543 1432 2610 die

385 2656 614 2746 praestitisset,
640 2652 893 2721 memorabilem
919 2652 1030 2736 illam,
1054 2657 1241 2748 meritoque
1266 2653 1429 2722 laudatam
1518 2656 1524 2662 ’

385 2817 414 2868 in
420 2814 525 2886 publico
535 2815 610 2866 omni
620 2827 693 2867 coetu.
702 2818 785 2867 Fuere
796 2816 888 2878 etiem,
934 2828 979 2870 ter.
989 2816 1057 2870 lllud
1067 2816 1238 2870 confirmatur
1249 2817 1312 2870 loco
1323 2817 1429 2871 Martini.

386 2896 433 2966 qui
454 2894 568 2965 abjicere
588 2893 695 2946 mallent
713 2904 795 2962 coetu,
816 2894 889 2966 qnod
933 2896 966 2948 de
978 2896 1099 2968 Spectat.
1114 2915 1144 2962 a,

385 2978 484 3030 rectius
499 2973 652 3027 defenditur
666 2975 699 3026 ab
717 2975 842 3030 Oudend.
863 2989 891 3029 et
934 2991 982 3038 ilic.
996 2991 1032 3032 ubi
1045 2991 1146 3032 miramur
1158 2991 1242 3033 velocia
1257 3005 1366 3043 munera,
1380 2993 1430 3034 tlu-

386 3055 495 3107 Wollio.
512 3085 548 3094 -
561 3053 694 3108 Prolixitu
711 3073 765 3106 non
779 3071 818 3106 est
832 3074 889 3106 am·
1000 3065 1053 3100 ”²¹³2
1067 3061 1106 3094 ⁸²⁰·

383 3137 456 3208 plius
463 3135 496 3188 de
502 3150 638 3208 tempore,
649 3135 695 3189 sed
706 3136 890 3188 liberalius.—
973 3147 1012 3183 ¹0·
1023 3132 1122 3183 Munus
1130 3130 1225 3198 edidit,
1238 3145 1289 3183 etc.
1302 3132 1379 3184 Conl.
1389 3133 1430 3184 Xi-

384 3217 547 3288 Sttpersedt't,
563 3218 666 3283 omisit,
678 3215 780 3282 noluit,
795 3229 824 3267 nt
836 3217 889 3267 Au.
934 3209 999 3282 phil.
1014 3209 1066 3261 loc.
1079 3213 1124 3262 cit.
1138 3214 1183 3284 qui
1194 3214 1264 3264 inter
1276 3226 1366 3265 cetera
1377 3230 1430 3264 mu·

386 3307 456 3363 gunt,
471 3313 530 3367 cap,
546 3298 589 3363 93⁸
618 3331 621 3337 .
934 3288 1430 3363 machiamqnamdam,derepentedm·

423 3391 448 3442 7.
469 3372 643 3434 Collationes,·
663 3387 824 3443 spontaneas
843 3392 890 3442 pe·
935 3368 1086 3440 phitheatro
1102 3371 1224 3423 immissis
1237 3373 1328 3441 equis,
1340 3371 1430 3424 exhibi-

387 3453 492 3515 cuniae,
512 3451 601 3520 quales
615 3450 736 3520 exigebat
753 3450 888 3522 Caligula,
934 3449 1273 3501 tamfuissenarrat.-1n
1285 3453 1364 3503 veteri
1372 3469 1429 3502 nau·

388 3548 471 3601 quum
487 3528 537 3580 sibi
552 3527 605 3581 filia
619 3539 681 3579 nata
696 3544 773 3582 esset.
788 3531 888 3600 Supra,
934 3529 1053 3589 machir,-
1066 3527 1100 3580 de
1114 3547 1168 3601 qua
1180 3529 1240 3582 vide
1253 3530 1288 3582 ud
1300 3534 1368 3602 Aug.
1385 3531 1428 3599 43,

385 3607 470 3676 Galig.
484 3625 542 3678 cap.
555 3608 597 3674 da.
934 3622 960 3659 et
974 3609 1072 3659 Neron.
1090 3625 1131 3678 η.

425 3687 449 3738 8.
465 3685 665 3757 Amphitheatro
676 3687 805 3750 dedicato,
817 3687 889 3758 quod
972 3689 1036 3738 Vlll.
1048 3688 1309 3740 1.Prceteritaomnia
1317 3707 1428 3741 unocon·

387 3768 522 3835 inceperat
533 3767 801 3837 paterVespasianus.
811 3767 889 3817 Conf.
926 3763 1050 3836 fimavit
1061 3767 1152 3819 edicto.
1164 3767 1205 3818 ef.
1223 3766 1325 3838 Xiphil.
1341 3767 1427 3829 vat,

388 3844 424 3896 ad
432 3845 541 3914 Vespas.
552 3861 583 3912 9,
594 3858 620 3896 et
629 3843 727 3915 Xipbil.
738 3845 831 3911 LXVI,
843 3845 889 3911 25,
939 3861 978 3912 19.
992 3843 1080 3896 Aurei.
1093 3846 1192 3911 Victor,
1206 3847 1276 3916 Epit.
1295 3861 1335 3898 ιο.
1349 3846 1377 3895 ln
1389 3861 1428 3895 su-

388 3924 425 3974 ibi
439 3925 499 3988 cit,
518 3922 564 3973 ubi
581 3927 659 3975 etiarn
671 3924 704 3975 de
719 3938 837 3996 tempore
849 3925 889 3978 di·¹
935 3923 1083 3994 pedoribus
1094 3923 1169 3974 multi
1179 3926 1248 3978 rnale
1259 3929 1428 3978 omittuntvo-

389 4016 469 4055 ctum.
479 4004 574 4054 Parum
584 4018 706 4055 accurate
714 4007 889 4078 Eutrop.Vll,
935 4003 993 4054 cab.
1009 4015 1074 4055 rata.

391 4085 440 4151 14,
463 4085 532 4148 illic
553 4083 658 4153 (Titus)
677 4085 766 4134 Romae
781 4086 890 4156 Amphi·
971 4103 998 4144 a,
1017 4084 1172 4136 Hominmn.
1188 4084 1229 4136 ΔΙ.
1244 4087 1377 4146 oninium,
1394 4084 1424 4136 nl.

387 4159 520 4212 theatrum
534 4159 703 4233 edificavit.-
935 4166 1066 4231 omnium,
1079 4164 1119 4216 vel
1132 4167 1208 4216 etiam
1222 4168 1339 4218 omnium
1353 4165 1426 4216 bomi-

421 4258 446 4309 9.
463 4239 726 4292 Celeriterexstructis.
738 4239 778 4290 ΔΙ.
790 4241 890 4293 celebri·
936 4263 1012 4309 num,
1026 4243 1098 4315 qnod
1111 4243 1224 4295 Casaub.
1238 4243 1327 4296 edidit.
