3048 5142
407 517 472 594 ala
780 509 815 571 C.
840 505 1069 575 SUETONll

406 640 493 732 ptias
516 637 738 702 Veientanum
756 655 855 700 suum
875 634 1049 717 revisenti‚
1071 630 1307 724 praetervolans
1325 633 1429 727 aquila

408 747 566 839 gallinam
580 745 706 828 albam,
728 743 897 812 ramulum
915 743 1002 811 lauri
1018 760 1125 810 rostro
1143 758 1326 827 tenentem,
1338 747 1382 811 ita
1396 762 1429 811 ut

407 871 578 949 rapuerat,
594 853 727 922 demisit
741 856 777 920 in
793 853 976 945 gremium:
994 877 1166 948 quumque
1182 857 1301 920 nutriri
1313 854 1428 938 alitem,

405 970 508 1060 pangi
521 965 689 1033 ramulum
710 965 905 1057 placuisset,
928 980 1019 1031 tanta
1037 964 1209 1056 pullorum
1225 964 1350 1032 soboles
1365 990 1429 1057 pro

406 1078 512 1156 venit,
532 1091 571 1141 ut
582 1071 681 1142 hodie
693 1097 827 1168 quoque
845 1097 883 1143 ea
897 1071 976 1140 villa
992 1073 1035 1138 ad
1049 1069 1195 1140 Gallinas
1207 1089 1355 1157 vocetur3
1371 1074 1429 1142 tale

407 1209 486 1253 vero
500 1183 684 1265 lauretum,
694 1199 732 1250 ut
745 1182 981 1276 triumphaturi
993 1187 1141 1250 Caesares
1154 1181 1233 1250 inde
1245 1182 1370 1250 laureas
1380 1183 1429 1251 de·

406 1313 597 1389 carperent:
619 1297 747 1390 fuitque
759 1319 831 1362 mos
847 1293 1145 1387 triumphantibus,
1158 1294 1253 1362 illas3
1266 1296 1428 1364 confestim

406 1407 525 1474 eodem
545 1405 619 1473 loeo
638 1429 799 1498 pangere:
825 1421 858 1472 et
875 1404 1090 1472 observatum
1113 1421 1179 1488 est,
1196 1405 1259 1474 sub
1280 1403 1428 1500 cujusque

406 1516 535 1585 obitum
546 1515 713 1598 arborem,
725 1515 768 1581 ab
780 1517 853 1606 ipso
863 1517 1065 1597 institutam,
1078 1514 1276 1607 elanguisse.
1290 1521 1371 1607 Ergo
1382 1539 1429 1582 no·

404 1631 541 1695 vissimo
553 1630 693 1694 Neronis
712 1650 801 1696 anno
818 1641 851 1692 et
862 1625 945 1694 silva
961 1629 1069 1693 omnis
1082 1629 1212 1693 exaruit
1223 1626 1390 1710 radicitus,
1401 1643 1429 1694 et

375 1770 382 1778 r
406 1735 564 1832 quicquid
577 1738 622 1804 ibi
634 1737 834 1830 gallinarum
847 1753 929 1820 erat,
943 1740 1087 1804 interiit:
1100 1761 1141 1805 ac
1153 1737 1296 1805 subinde
1305 1737 1429 1807 tactade

405 1849 488 1916 caelo
499 1853 668 1916 Caesarum
687 1846 793 1931 aedel,
813 1850 922 1940 capita
933 1847 1088 1916 omnibus
1103 1847 1204 1915 simul
1224 1851 1340 1915 statuis
1356 1847 1429 1916 deci·

406 1957 543 2042 derunt3
557 1960 697 2051 Augusti
710 1960 809 2026 etiam
818 1975 1013 2050 sceptrume
1025 1958 1180 2026 manibus
1189 1983 1364 2028 excussum
1375 1977 1427 2026 est.

451 2073 496 2135 ll.
523 2070 646 2134 Neroni
668 2067 775 2134 Galba
793 2071 969 2151 successit,
992 2067 1087 2134 nullo
1113 2063 1218 2158 gradu
1244 2069 1427 2162 contingens

404 2187 575 2248 Caesarum
590 2179 729 2247 domum
740 2190 766 2262 ¹,
787 2179 846 2247 sed
867 2179 1072 2246 hauddubie
1091 2178 1354 2263 nobilissimus²,
1371 2205 1430 2246 ma-

405 2315 538 2386 gnaque
555 2307 588 2358 et
599 2309 710 2358 vetere
722 2293 892 2383 prosapia,
910 2293 1017 2385 utqui
1032 2305 1216 2356 statuarum
1228 2289 1333 2356 titulis
1348 2295 1430 2360 PRO

353 2421 357 2432 ’
404 2403 612 2468 NEPOTEM
631 2425 666 2467 se
680 2405 719 2486 Q.
733 2403 891 2468 CATULI
905 2401 1151 2467 CAPITOLINI
1171 2423 1305 2492 semper
1322 2399 1431 2468 adscri-

404 2514 526 2604 pserit3
551 2517 737 2604 Imperator
761 2533 841 2578 vero
864 2512 964 2577 etiam
988 2527 1129 2578 stemma
1152 2513 1187 2578 in
1212 2513 1297 2577 atrio
1321 2533 1431 2605 propo·

406 2624 524 2704 suerit,
543 2647 611 2716 quo
624 2635 798 2713 paternam
813 2623 975 2712 originem
988 2620 1032 2687 ad
1046 2625 1179 2704 lovem,
1199 2637 1381 2688 maternam
1395 2619 1431 2688 ad

405 2729 593 2823 Pasiphaen
605 2732 728 2797 Minois
740 2754 880 2798 uxorem
892 2729 1064 2799 referret3.

406 2939 534 2994 nuerunt,
553 2925 671 2991 serendi,
689 2939 715 2978 et
727 2925 823 2977 durant
834 2923 903 2979 silva
947 2926 1062 2978 domum.
1081 2927 1177 2978 liviam
1192 2937 1300 2978 auctore
1312 2923 1430 2978 Plutarch.

405 3005 557 3058 nominibus
572 3007 625 3058 suia
639 3004 770 3070 discretae,
785 3006 903 3056 fortassis
947 3005 1022 3057 Galb.
1037 3007 1068 3073 3,
1078 3005 1167 3077 aliquo
1177 3004 1258 3055 modo
1267 3003 1431 3074 contingebat

405 3087 467 3139 ideo
475 3089 581 3140 mutatis
590 3083 818 3157 triumphalibus.»
831 3083 903 3136 ldem
947 3083 998 3135 Sed
1005 3103 1062 3136 eam
1070 3085 1271 3154 cognationem,
1284 3081 1434 3136 hauddubie

404 3167 471 3232 Dio,
484 3168 602 3231 XLVlll,
615 3166 663 3233 52,
678 3165 711 3217 ad
723 3183 783 3218 ann.
800 3178 860 3235 717.
948 3183 963 3216 a
980 3183 1092 3217 noverca
1105 3163 1211 3230 Galba,
1227 3166 1299 3216 Livia
1311 3163 1433 3228 Ocellina,

441 3247 466 3298 3.
486 3245 560 3299 Illas.
579 3247 619 3296 lta
628 3244 822 3297 emendandum
831 3241 905 3314 judi·
948 3241 1131 3296 deducendam
1148 3241 1223 3313 (ride
1242 3257 1301 3314 cap.
1317 3243 1365 3314 3),
1381 3245 1434 3312 jure

406 3324 474 3375 cavit
485 3325 627 3374 Burmann.
640 3334 701 3392 post
712 3323 845 3394 lipsium,
860 3322 904 3391 qui
948 3323 1045 3376 Noster
1063 3325 1099 3375 ad
1119 3325 1244 3376 Caesarum
1265 3323 1370 3376 domum
1386 3339 1434 3373 non

406 3415 525 3455 suaserat
541 3419 595 3452 eas.-
611 3399 705 3471 vulgo,
724 3401 796 3453 alias.
815 3398 905 3452 Edidit
948 3401 1036 3453 refert.

408 3478 664 3531 antenosWolllus.
986 3495 1009 3531 a.
1028 3479 1081 3532 Sed
1081 3516 1145 3530 .....
1165 3479 1341 3533 nobilissimae.
1360 3477 1433 3531 Tacit.

443 3559 468 3625 4.
489 3559 614 3610 Cesaram
627 3557 689 3610 cede.
708 3559 817 3610 Veneris
828 3559 905 3611 Geni·
948 3557 1015 3610 Hist.
1028 3561 1053 3624 l,
1072 3559 1121 3628 49,
1140 3572 1233 3612 :vetus
1247 3563 1273 3611 in
1286 3559 1382 3612 familia
1394 3577 1435 3610 no·

407 3638 479 3689 tritis
500 3635 626 3707 templum
649 3637 771 3707 intelligit
793 3639 906 3688 Torren-
948 3636 1044 3702 bilitas,
1054 3655 1152 3708 magnae
1161 3638 1305 3708 opes-Cf.
1313 3637 1435 3690 Plutarch.

408 3719 465 3768 tius.
482 3715 523 3780 ld,
539 3731 619 3787 puto,
636 3729 728 3768 auctor
738 3735 786 3768 suo
798 3718 904 3767 nomine
948 3714 965 3766 l.
978 3735 1002 3766 c.
1016 3717 1104 3768 -De
1120 3716 1212 3770 catulo
1230 3713 1436 3790 Capitolinatide

408 3793 904 3865 appellasset,utaliisloeis.Pantheon
949 3811 1028 3862 supra
1042 3795 1104 3846 Cres.
1123 3795 1167 3856 153
1182 3793 1214 3846 de
1226 3795 1388 3865 cognationis
1399 3811 1436 3844 ra·

408 3871 516 3944 aliquod
538 3871 669 3924 Caesarum
690 3874 769 3924 fuisse
788 3872 903 3938 videtur,
949 3874 1021 3925 tione
1034 3889 1095 3924 mox
1107 3892 1164 3944 cap.
1179 3873 1203 3926 3.

407 3950 440 4005 de
458 3955 533 4022 cujus
557 3954 608 4002 situ
634 3964 660 4003 et
683 3951 819 4004 conditore
839 3951 905 4004 nihil
984 3952 1011 4004 3.
1031 3952 1180 4005 Matemam
1196 3953 1434 4024 adPasipliaen....

407 4044 620 4103 constat,neque
631 4031 743 4084 multum
753 4032 833 4084 refert
841 4032 904 4084 talia
950 4032 1067 4103 referrem
1089 4031 1160 4084 unde
1178 4031 1211 4085 de
1230 4030 1282 4084 alio
1301 4031 1382 4086 Galba
1396 4027 1434 4084 sit

406 4108 565 4181 explorasse.
949 4111 1164 4181 ltal.Vlll,l7a,

443 4193 474 4242 ll.
496 4207 517 4243 1.
536 4190 621 4245 Nullo
630 4191 713 4264 gradu
725 4192 903 4264 confirmem..-
948 4203 1407 4266 llnlegenusordlturllinas,lnvisaquetmn
