3054 5152
386 577 448 655 ur
756 574 790 636 e.
816 567 1048 636 suerouu

383 699 627 792 respondisset,
651 704 777 766 «Avete
796 702 931 781 vos²⁰;»
956 721 1065 792 neque
1086 693 1268 790 posthanc
1290 721 1426 784 vocem,

382 809 479 904 quasi
493 811 591 896 venia
607 806 700 888 data,
714 809 894 902 quisquam
909 805 1067 874 dimicare
1081 805 1199 875 vellet:
1215 806 1272 875 diu
1287 825 1425 876 cuncta-

383 937 455 1001 tus,
470 943 514 986 an
528 941 644 985 omnes
658 918 726 1010 igni
739 917 894 1011 ferroque
903 925 926 956 ²¹
942 915 1148 1000 absumeret,
1163 917 1331 985 tandeme
1347 919 1426 986 sede

381 1053 442 1096 sua
454 1026 625 1121 prosiluit,
639 1051 678 1094 ac
688 1050 749 1120 per
757 1026 921 1093 ambitum
933 1026 1045 1109 lacus,
1060 1051 1129 1094 non
1139 1031 1210 1094 sine
1226 1028 1315 1097 foeda
1326 1029 1425 1096 vacil-

381 1137 555 1220 latione²²,
576 1136 789 1218 discurrens,
812 1138 934 1227 partim
955 1135 1136 1218 minando,
1157 1141 1281 1229 partim
1300 1137 1426 1206 adhor-

379 1248 503 1330 tando,
525 1246 568 1314 ad
585 1270 734 1339 pugnem
753 1244 924 1338 compulit.
942 1249 1014 1312 Hoc
1033 1245 1223 1338 spectaculo
1241 1247 1359 1315 classis
1376 1250 1425 1316 Si-

380 1355 456 1424 cula
470 1373 503 1423 et
521 1353 682 1423 Rhodia²³
701 1370 962 1438 concurrerunt,
983 1353 1216 1424 duodenarum
1234 1359 1427 1425 triremium

379 1467 538 1560 singulae,
556 1469 704 1534 exciente
715 1466 858 1534 buccine
867 1469 1008 1534 Tritone
1021 1483 1197 1558 argenteo,
1210 1470 1268 1562 qui
1281 1469 1427 1538 emedio

378 1579 453 1646 lacu
464 1601 526 1672 per
536 1577 725 1645 machinam
738 1593 930 1643 emerserat.

423 1691 528 1756 XXll.
554 1684 716 1774 Quaedam
735 1689 825 1754 circa
842 1688 1052 1767 cerimonias,
1071 1685 1271 1781 civilemque
1288 1704 1322 1756 ct
1335 1689 1426 1758 mili·

378 1817 485 1866 tarem
494 1820 641 1882 morem,
654 1801 734 1865 item
747 1800 834 1864 circa
846 1799 999 1864 omnium
1011 1795 1165 1865 ordinum
1179 1815 1319 1882 statum,
1331 1799 1425 1868 domi

377 1911 540 2004 forisque,
562 1924 620 1975 aut
639 1911 799 1991 correxit,
818 1921 877 1974 aut
895 1905 1023 1975 exoleta
1042 1913 1225 1992 revocavit,
1245 1913 1424 1980 autetiam

377 2044 464 2088 nova
482 2022 636 2088 institnit.
658 2025 697 2086 ln
719 2015 916 2110 cooptandis
935 2041 997 2109 per
1017 2017 1157 2109 collegia
1177 2019 1427 2104 sacerdotibus,

376 2131 546 2196 neminem
559 2131 624 2195 nisi
632 2126 766 2222 juratus
780 2129 1000 2208 nominavit¹;
1016 2125 1271 2224 observavitque
1285 2129 1425 2214 sedulo,

376 2255 415 2308 ut
432 2243 562 2333 quoties
582 2256 670 2306 terra
688 2241 723 2306 in
745 2235 834 2306 Urbe
849 2239 1027 2319 movisset,
1046 2239 1144 2306 ferias
1162 2237 1322 2307 advocata
1342 2265 1426 2310 con·

377 2351 472 2416 cione
487 2353 612 2417 Proetor
631 2348 808 2430 indiceret;
827 2363 950 2441 utque,
970 2345 1042 2413 dira
1060 2351 1133 2414 avi²
1152 2351 1187 2415 in
1201 2349 1292 2416 Urbe
1311 2355 1425 2419 autin

375 2459 537 2554 Capitolio
552 2463 640 2541 visa,
657 2459 842 2528 obsecratio
858 2458 1051 2534 haberetur.
1071 2483 1213 2554 eamque
1231 2459 1326 2552 ipse³
1339 2457 1423 2555 jure

412 2697 454 2734 ao.
473 2682 555 2732 Arete
568 2697 624 2746 vot,·
638 2679 732 2748 Xalpm
746 2678 786 2730 tal
800 2679 878 2746 opita,
922 2677 981 2728 dius
1003 2679 1120 2730 triremes
1143 2679 1376 2751 quadriremesque
1400 2697 1429 2735 et

376 2779 434 2834 qun
454 2761 549 2828 verbu,
570 2778 651 2832 quum
669 2759 877 2812 incolumitatem
923 2755 1086 2829 undeviqt'tttt‘
1096 2757 1231 2810 lominum
1239 2757 1428 2814 militamus-

379 2842 517 2914 rppreceri
537 2839 640 2892 soleant
659 2841 706 2906 iis,
725 2857 793 2915 quos
807 2837 878 2890 stlu-
921 2839 991 2903 vit,·
1004 2837 1127 2908 ubiLips.
1139 2851 1241 2892 centum
1254 2841 1428 2895 inserendum

377 2933 447 2986 tunt,
457 2921 562 2972 veninm
571 2917 622 2971 sibi
632 2918 720 2970 datam
731 2918 877 2988 significare
922 2929 1013 2966 censet
1029 2929 1091 2967 ante
1108 2917 1227 2970 triremes.
1245 2919 1367 2972 Aliorum
1380 2939 1427 2974 cn-

377 2995 569 3070 putabant‚rel
580 2994 821 3066 interpretabantur
831 2996 877 3045 mi·
922 3013 963 3046 ras
974 2994 1008 3046 nd
1021 2992 1109 3046 locum
1122 3009 1192 3048 nost.
1205 2997 1265 3049 vide
1278 2998 1349 3069 apnd
1363 3001 1428 3052 Bur·

379 3079 429 3128 seri
447 3075 647 3128 naumachiatii.
661 3075 821 3126 varietatem
839 3072 877 3124 le·
922 3093 1010 3124 monn.
1032 3076 1089 3126 Nos
1110 3074 1259 3128 dissensum
1282 3093 1429 3133 antrotnsse

379 3159 473 3209 ctionis
480 3169 506 3208 et
515 3159 689 3225 interpretum
699 3153 813 3225 ineptias
821 3151 878 3204 vide
924 3155 1054 3218 contenti,
1068 3152 1102 3205 de
1114 3151 1284 3209 conciliando
1295 3155 1425 3232 despera·

381 3235 452 3307 apud
463 3237 550 3286 Burm.
567 3247 593 3286 et
606 3231 782 3302 Oudendorp.
925 3249 997 3295 mus,
1011 3249 1097 3304 neque
1108 3253 1149 3286 res
1163 3237 1236 3288 tanti.

417 3333 459 3389 ².¹·
477 3315 539 3386 1ςηί
546 3314 679 3388 ferroque.
693 3313 764 3383 Lips.
781 3309 815 3361 nd
826 3310 879 3360 Ta·
960 3311 1041 3362 xxn.
1065 3329 1086 3364 ι.
1103 3313 1429 3387 Nomittavit;proprinm

380 3397 425 3446 cit.
438 3393 533 3446 Annal.
550 3393 602 3459 xl,
618 3393 666 3454 23,
683 3391 776 3445 suadet
790 3391 815 3442 ui
823 3389 881 3460 fer-
925 3391 952 3440 in
964 3388 1015 3441 hac
1025 3409 1054 3440 re
1064 3391 1180 3443 verbum.
1191 3392 1232 3444 cf.
1244 3395 1299 3446 Cic.
1311 3395 1427 3468 l‘lrilipp.

382 3491 476 3548 roqne,
492 3473 602 3542 injuris,
617 3483 643 3523 et
655 3485 749 3540 preter
764 3469 880 3520 necessi·
924 3473 964 3536 ll,
982 3489 997 3523 n
1015 3471 1092 3538 (ubi,
1112 3473 1248 3526 nominare
1263 3475 1431 3550 deputem),-

382 3567 463 3604 tntem
476 3562 569 3602 contra
580 3547 664 3601 Codd.
924 3551 1008 3602 Tacit.
1023 3549 1122 3603 dunel.
1140 3553 1182 3616 IV,
1207 3556 1237 3606 16
1251 3554 1329 3624 (ubi,
1352 3581 1364 3603 ι
1374 3574 1430 3613 tres

418 3647 459 3683 22.
477 3629 539 3683 Non
553 3630 609 3680 tine
616 3626 691 3698 foeda
706 3625 879 3678 vacillatione.
925 3629 1002 3681 simul
1017 3632 1162 3699 nominari,
1182 3651 1213 3684 ex
1232 3636 1290 3706 quis
1307 3654 1377 3690 unus
1390 3639 1429 3690 le-

381 3709 447 3762 vide
464 3725 524 3779 cap.
538 3708 589 3773 30,
605 3703 817 3776 «ingredientem
831 3704 878 3756 (le-
925 3723 1039 3781 geretur,
1052 3724 1156 3764 vetusto
1170 3733 1246 3767 more
1256 3740 1267 3762 ι
1285 3716 1318 3768 ad
1334 3719 1430 3774 Flami.

383 3790 527 3843 stituebant
537 3788 651 3860 poplites
664 3789 749 3838 minus
762 3786 860 3836 firmi.»
926 3791 1023 3858 nium).

420 3873 461 3924 23.
476 3869 566 3925 Classis
578 3869 666 3922 Sicula
678 3879 702 3920 et
714 3867 824 3920 Rhodia.
839 3867 880 3920 cf.
963 3885 986 3919 n.
1006 3869 1071 3920 Dira
1082 3869 1133 3919 avi.
1147 3869 1284 3923 liubanem
1297 3873 1429 3948 intellige,

382 3955 445 4006 ces.
464 3953 505 4022 39.
517 3953 610 4002 Postea
626 3951 733 4002 Sueton.
751 3946 882 4000 duodena·
927 3961 973 3999 aut
987 3946 1175 4001 incendiariam
1190 3969 1280 4016 avem,
1295 3966 1345 4006 etc.

385 4049 441 4083 ntm
448 4029 591 4082 triremium
599 4027 714 4098 singulas
722 4025 883 4078 classesfnis·
962 4027 987 4078 3.
1006 4029 1125 4101 Eamque
1141 4031 1202 4101 ipse.
1213 4070 1218 4081 .
1229 4070 1252 4083 ..
1269 4037 1433 4088 commonito

385 4111 498 4177 sedicit,
508 4109 558 4161 Dio
566 4102 583 4159 l.
593 4127 616 4159 c.
627 4107 866 4180 quinquuqenarttm
872 4145 880 4172 ,
925 4123 973 4178 pro
983 4107 1077 4160 llostrtt
1083 4108 1197 4180 populo,
1206 4111 1316 4182 praeiret.
1326 4112 1429 4167 Ernest.

382 4197 427 4244 bui
446 4193 527 4261 mattis
548 4192 670 4242 convenit
689 4205 814 4240 numerus
834 4207 883 4260 pn·
928 4187 1288 4258 peredictumcommonitum
1296 4195 1429 4266 populum

384 4285 523 4339 gnatorum
534 4267 608 4340 opud
619 4265 704 4320 Tacit.
718 4267 734 4317 l.
746 4287 770 4318 c.
786 4291 797 4312 u
807 4266 883 4319 Clau·
929 4268 1056 4320 existimat
1079 4267 1112 4319 ad
1135 4270 1329 4340 frequentanda
1350 4275 1429 4327 obsc-
