3076 5146
250 795 300 880 G.
332 790 604 880 SUETONII
634 789 995 896 TRANQUILLI

603 1017 643 1060 DE

159 1176 475 1330 enters
529 1202 1077 1328 annroalnus

532 1436 710 1524 elesa*

461 1713 780 1739 *-

92 2008 120 2071 1.
141 1963 357 2074 Runronrca
369 1959 505 2100 quoque
516 1999 608 2097 apud
620 2028 698 2088 nos,
710 2006 851 2098 perinde
861 2022 963 2102 atque
975 2009 1148 2075 Gramma-

80 2118 178 2220 ·tica,
188 2141 265 2186 sero
272 2133 407 2211 recepta
415 2133 482 2201 est,
493 2116 596 2210 paulo
606 2120 707 2186 etiam
716 2116 900 2204 difficilius,
909 2123 1035 2214 quippe
1044 2143 1149 2214 quam

90 2245 229 2297 constet
250 2253 497 2324 nonnunquam
518 2233 618 2296 etiam
638 2230 843 2322 prohibitam
866 2234 1024 2300 exerceri.
1048 2230 1150 2318 Quod

89 2363 138 2406 ne
154 2343 210 2408 cui
225 2338 369 2408 dubium
386 2343 444 2423 sit,
464 2356 562 2407 vetus
580 2340 916 2410 Senatusconsultum
926 2353 948 2424 ¹,
967 2345 1048 2410 item
1064 2344 1149 2410 Cen-

91 2453 224 2518 sotium
251 2450 414 2535 edietum,
444 2448 641 2544 subjiciam:
679 2457 784 2522 «Caio
811 2456 940 2522 Fannio
966 2453 1146 2534 Strabone,

91 2565 143 2629 M.
176 2560 310 2653 Valerio
334 2561 499 2643 Messala,
527 2560 749 2644 Consulibus,
777 2568 913 2631 Marcus
941 2564 1155 2655 Pomponius,

91 2677 225 2740 Praetor
235 2676 393 2741 Senatum
409 2670 588 2740 consuluit.
602 2672 702 2760 Quod
716 2673 820 2742 verba
830 2674 918 2742 facta
930 2689 1010 2741 sunt
1021 2671 1063 2739 de
1074 2671 1148 2740 Phi-

91 2781 247 2875 losophis
265 2799 299 2852 et
317 2781 359 2850 de
380 2782 601 2866 Rhetoribus,
618 2783 661 2851 de
680 2809 719 2852 ea
740 2809 776 2852 re
794 2788 841 2852 ita
858 2775 1080 2855 censuertmt:
1102 2787 1149 2850 Ut

92 2899 143 2961 M.
157 2898 366 2988 Pomponius
379 2901 506 2963 Praetor
517 2895 814 2980 animadverteret,
827 2912 1043 2990 curaretque,
1056 2896 1106 2960 uti
1117 2896 1148 2960 ei

128 3117 139 3140 ⁸
158 3115 271 3170 Codices
283 3119 385 3190 aliquot
399 3118 472 3172 hunc
485 3117 599 3171 indicem
645 3139 707 3173 cum
718 3122 776 3174 aliis
786 3133 826 3172 tot
840 3119 917 3171 bonis
929 3132 1034 3188 tempus
1045 3115 1147 3168 inridit.

95 3194 250 3265 rhetorum,
271 3197 305 3250 de
326 3197 422 3268 quihus
442 3195 509 3250 liber
529 3199 600 3268 egit,
687 3203 706 3251 1.
731 3218 753 3252 ι.
777 3199 855 3253 Veros
874 3192 1147 3262 senatusconsultum,

94 3275 253 3346 preliguntr
273 3277 304 3328 L.
325 3275 428 3330 Plotius
447 3275 550 3331 Gallus.
569 3279 598 3330 L.
647 3291 696 3333 etc.
723 3280 855 3331 Memorat
875 3277 953 3326 etiarn
976 3272 1043 3326 Geli.
1067 3273 1146 3323 Noet.

97 3353 339 3409 OtaciliusPilt'tus·
347 3355 466 3428 Epidius.
474 3357 533 3409 Sex.
543 3355 601 3409 Glo-
646 3359 699 3410 Aa.
714 3357 772 3422 XV,
793 3374 834 3423 rt,
855 3355 900 3427 qui
916 3371 998 3424 quum
1014 3350 1047 3403 tle
1060 3349 1150 3422 philo-

95 3433 162 3486 dius.
178 3431 206 3486 (ἶ.
223 3435 344 3488 Albanus
355 3435 434 3490 Situs.
452 3437 482 3488 L.
500 3437 601 3492 caseus
646 3435 738 3506 sophis
745 3450 771 3488 et
778 3433 931 3487 rhetoribus
941 3429 1149 3483 Latinisfacturn

95 3513 170 3566 Fttts.
183 3515 223 3567 M.
234 3516 343 3568 Porcius
354 3516 441 3569 latro.
456 3517 487 3586 Q.
500 3517 602 3570 Curtius
647 3515 724 3580 dicit,
737 3533 842 3584 gravem
862 3511 1040 3564 adversarium
1056 3524 1149 3562 nactus

96 3593 190 3664 Rufus.
203 3596 234 3646 L.
249 3593 370 3648 Valerius
380 3598 529 3649 Primanus.
545 3597 601 3650 Vir·
647 3607 687 3647 est
698 3594 819 3664 Pighium
830 3589 942 3663 (Annal.
957 3603 1021 3642 tom.
1033 3588 1074 3656 11,
1087 3607 1149 3659 pag.
1238 3585 1241 3590 ¹

94 3674 186 3746 qinius
200 3675 304 3730 Ηανιις.
322 3677 352 3728 h.
368 3675 468 3731 Statim
486 3677 600 3730 Uitulus.
647 3674 714 3740 410,
728 3670 762 3725 ad
771 3673 803 3723 Δ.
813 3675 846 3724 U.
857 3670 939 3742 392),
951 3668 1150 3738 conjicientem,

97 3750 130 3801 Ρ.
143 3749 249 3807 Clodius
260 3752 412 3824 Quirinalis.
422 3756 461 3806 M.
472 3755 602 3808 Antonius
646 3752 745 3804 latinis
761 3749 799 3802 ibi
816 3761 970 3820 corruptum
989 3766 1019 3799 ex
1039 3745 1150 3819 inquili-

97 3829 231 3884 Liheralir.
252 3832 312 3885 Sex.
328 3831 416 3885 Jonas
432 3832 600 3886 Gabinianus.
647 3831 695 3904 nit.
706 3831 746 3883 De
757 3829 852 3882 Graect's
861 3826 928 3880 illutl
940 3845 1031 3898 agere,
1043 3837 1150 3877 censent

97 3908 139 3960 Μ.
151 3911 247 3966 Fabius
259 3911 446 3982 Quintilianus.
461 3911 548 3964 Julius
560 3912 603 3963 Ti·
647 3911 727 3963 etiam
733 3909 848 3963 Casauh.
857 3905 1071 3961 etWoll.adloc.
1081 3915 1148 3955 nost.

99 4005 135 4039 ro.
157 3990 300 4043 Maximam
321 3991 401 4062 hujus
421 3991 480 4044 libri
500 4004 602 4064 partem
647 3991 791 4062 praesertim
807 4007 889 4062 quum
907 3985 994 4039 edicto
1011 3984 1150 4048 censorio,

99 4070 212 4139 periisse
224 4085 348 4143 apparet,
361 4072 424 4123 satie
436 4089 533 4143 magno
546 4071 603 4141 qui-
649 4085 710 4118 mox
727 4068 824 4132 citato,
838 4083 935 4119 novum
952 4064 1055 4115 dicatur
1070 4079 1153 4136 qenut

99 4148 159 4202 dem
178 4161 270 4200 nostro
285 4147 460 4216 detrimento,
475 4161 603 4219 qnantum
649 4145 785 4200 rhetorum
803 4147 972 4209 Latinorum,
991 4143 1152 4214 septuagesi-

100 4229 224 4300 eolliflere
241 4229 305 4282 licet
320 4249 352 4283 ex
368 4229 503 4282 nonnullis
522 4229 605 4281 norni-
650 4247 694 4278 mo
717 4246 787 4280 anno
809 4239 869 4298 post
891 4223 956 4275 illud
975 4224 1153 4276 senatuscon-

101 4307 198 4374 nibut,
226 4329 338 4381 quorum
364 4310 442 4362 nobis
467 4309 604 4362 historiam
651 4307 756 4359 saltum.
