<?xml version="1.0" encoding="UTF-8"?>
<!DOCTYPE html PUBLIC "-//W3C//DTD XHTML 1.0 Transitional//EN"
    "http://www.w3.org/TR/xhtml1/DTD/xhtml1-transitional.dtd">
<html xmlns="http://www.w3.org/1999/xhtml" xml:lang="en" lang="en">
 <head>
  <title>
</title>
<meta http-equiv="Content-Type" content="text/html;charset=utf-8" />
  <meta name='ocr-system' content='tesseract 3.04.00' />
  <meta name='ocr-capabilities' content='ocr_page ocr_carea ocr_par ocr_line ocrx_word'/>
</head>
<body>
  <div class='ocr_page' id='page_1' title='image "./csuetoniitranqu00suetgoog_0462.png"; bbox 0 0 3076 5146; ppageno 0'>
   <div class='ocr_carea' id='block_1_1' title="bbox 354 445 1025 586">
    <p class='ocr_par' dir='ltr' id='par_1_1' title="bbox 354 445 1025 586">
     <span class='ocr_line' id='line_1_1' title="bbox 354 445 1025 586; baseline 0 -18"><span class='ocrx_word' id='word_1_1' title='bbox 354 505 418 586; x_wconf 71' lang='lat'>424</span> <span class='ocrx_word' id='word_1_2' title='bbox 730 502 765 566; x_wconf 88' lang='lat' dir='ltr'>u.</span> <span class='ocrx_word' id='word_1_3' title='bbox 791 445 1025 568; x_wconf 77' lang='lat' dir='ltr'>sacrorn</span> 
     </span>
    </p>
   </div>
   <div class='ocr_carea' id='block_1_2' title="bbox 343 631 1468 3935">
    <p class='ocr_par' dir='ltr' id='par_1_2' title="bbox 343 631 1468 3148">
     <span class='ocr_line' id='line_1_2' title="bbox 349 631 1468 724; baseline 0.004 -27"><span class='ocrx_word' id='word_1_4' title='bbox 349 631 1398 724; x_wconf 81' lang='lat' dir='ltr'>ctumexistiment:quorumopinionemOnnnosetiamexem-</span> <span class='ocrx_word' id='word_1_5' title='bbox 1466 635 1468 641; x_wconf 77' lang='grc'>’</span> 
     </span>
     <span class='ocr_line' id='line_1_3' title="bbox 349 739 1423 840; baseline -0.002 -30"><span class='ocrx_word' id='word_1_6' title='bbox 349 739 413 833; x_wconf 89' lang='lat' dir='ltr'>plis</span> <span class='ocrx_word' id='word_1_7' title='bbox 425 741 611 816; x_wconf 86' lang='lat' dir='ltr'>coufirmat.</span> <span class='ocrx_word' id='word_1_8' title='bbox 624 744 718 823; x_wconf 87' lang='lat' dir='ltr'>Nam,</span> <span class='ocrx_word' id='word_1_9' title='bbox 731 771 744 801; x_wconf 71' lang='lat' dir='ltr'>a</span> <span class='ocrx_word' id='word_1_10' title='bbox 756 741 847 833; x_wconf 87' lang='lat' dir='ltr'>apud</span> <span class='ocrx_word' id='word_1_11' title='bbox 858 739 1039 834; x_wconf 58' lang='lat' dir='ltr'>majores»</span> <span class='ocrx_word' id='word_1_12' title='bbox 1057 746 1112 826; x_wconf 91' lang='lat' dir='ltr'>ait,</span> <span class='ocrx_word' id='word_1_13' title='bbox 1130 767 1261 840; x_wconf 72' lang='lat' dir='ltr'>«quum</span> <span class='ocrx_word' id='word_1_14' title='bbox 1272 742 1397 810; x_wconf 81' lang='lat' dir='ltr'>familia</span> <span class='ocrx_word' id='word_1_15' title='bbox 1414 793 1423 816; x_wconf 78' lang='grc'><em>,</em></span> 
     </span>
     <span class='ocr_line' id='line_1_4' title="bbox 347 848 1398 948; baseline 0 -29"><span class='ocrx_word' id='word_1_16' title='bbox 347 848 490 945; x_wconf 89' lang='lat' dir='ltr'>alicujus</span> <span class='ocrx_word' id='word_1_17' title='bbox 509 850 637 919; x_wconf 88' lang='lat' dir='ltr'>venalis</span> <span class='ocrx_word' id='word_1_18' title='bbox 653 851 912 944; x_wconf 79' lang='lat' dir='ltr'>produceretur,</span> <span class='ocrx_word' id='word_1_19' title='bbox 930 877 999 920; x_wconf 90' lang='lat' dir='ltr'>non</span> <span class='ocrx_word' id='word_1_20' title='bbox 1019 870 1145 920; x_wconf 86' lang='lat' dir='ltr'>temere</span> <span class='ocrx_word' id='word_1_21' title='bbox 1166 877 1271 948; x_wconf 87' lang='lat' dir='ltr'>quem</span> <span class='ocrx_word' id='word_1_22' title='bbox 1286 850 1398 920; x_wconf 90' lang='lat' dir='ltr'>litera·</span> 
     </span>
     <span class='ocr_line' id='line_1_5' title="bbox 350 962 1398 1059; baseline -0.003 -28"><span class='ocrx_word' id='word_1_23' title='bbox 350 981 422 1032; x_wconf 85' lang='lat' dir='ltr'>turn</span> <span class='ocrx_word' id='word_1_24' title='bbox 436 965 470 1030; x_wconf 89' lang='lat' dir='ltr'>in</span> <span class='ocrx_word' id='word_1_25' title='bbox 486 962 598 1046; x_wconf 88' lang='lat' dir='ltr'>titulo,</span> <span class='ocrx_word' id='word_1_26' title='bbox 612 962 671 1031; x_wconf 89' lang='lat' dir='ltr'>sed</span> <span class='ocrx_word' id='word_1_27' title='bbox 685 963 888 1032; x_wconf 88' lang='lat' dir='ltr'>literatorem</span> <span class='ocrx_word' id='word_1_28' title='bbox 899 963 1035 1032; x_wconf 87' lang='lat' dir='ltr'><strong>inscribi</strong></span> <span class='ocrx_word' id='word_1_29' title='bbox 1047 964 1183 1032; x_wconf 90' lang='lat' dir='ltr'>solitum</span> <span class='ocrx_word' id='word_1_30' title='bbox 1194 989 1288 1032; x_wconf 87' lang='lat' dir='ltr'>esse:</span> <span class='ocrx_word' id='word_1_31' title='bbox 1303 967 1398 1059; x_wconf 82' lang='lat' dir='ltr'><strong>quasi</strong></span> 
     </span>
     <span class='ocr_line' id='line_1_6' title="bbox 351 1071 1399 1167; baseline -0.002 -25"><span class='ocrx_word' id='word_1_32' title='bbox 351 1099 420 1142; x_wconf 91' lang='lat' dir='ltr'>non</span> <span class='ocrx_word' id='word_1_33' title='bbox 439 1075 653 1167; x_wconf 86' lang='lat' dir='ltr'>perfunctum</span> <span class='ocrx_word' id='word_1_34' title='bbox 673 1073 795 1154; x_wconf 88' lang='lat' dir='ltr'>literis,</span> <span class='ocrx_word' id='word_1_35' title='bbox 816 1071 875 1141; x_wconf 89' lang='lat' dir='ltr'>sed</span> <span class='ocrx_word' id='word_1_36' title='bbox 895 1073 1072 1141; x_wconf 87' lang='lat' dir='ltr'>imbutum.</span> <span class='ocrx_word' id='word_1_37' title='bbox 1088 1107 1102 1135; x_wconf 72' lang='lat' dir='ltr'><em>n</em></span> <span class='ocrx_word' id='word_1_38' title='bbox 1124 1080 1263 1143; x_wconf 83' lang='lat' dir='ltr'>Veteres</span> <span class='ocrx_word' id='word_1_39' title='bbox 1282 1077 1399 1142; x_wconf 87' lang='lat' dir='ltr'>Gram-</span> 
     </span>
     <span class='ocr_line' id='line_1_7' title="bbox 351 1182 1401 1278; baseline -0.002 -26"><span class='ocrx_word' id='word_1_40' title='bbox 351 1187 461 1252; x_wconf 88' lang='lat' dir='ltr'>matici</span> <span class='ocrx_word' id='word_1_41' title='bbox 478 1201 512 1250; x_wconf 91' lang='lat' dir='ltr'>et</span> <span class='ocrx_word' id='word_1_42' title='bbox 525 1183 737 1250; x_wconf 88' lang='lat' dir='ltr'>Rhetoricam</span> <span class='ocrx_word' id='word_1_43' title='bbox 748 1182 931 1250; x_wconf 85' lang='lat' dir='ltr'>docebant:</span> <span class='ocrx_word' id='word_1_44' title='bbox 946 1208 986 1250; x_wconf 90' lang='lat' dir='ltr'>ac</span> <span class='ocrx_word' id='word_1_45' title='bbox 998 1183 1184 1252; x_wconf 86' lang='lat' dir='ltr'>multorum</span> <span class='ocrx_word' id='word_1_46' title='bbox 1197 1185 1241 1252; x_wconf 89' lang='lat' dir='ltr'>de</span> <span class='ocrx_word' id='word_1_47' title='bbox 1255 1200 1401 1278; x_wconf 87' lang='lat' dir='ltr'>utraque</span> 
     </span>
     <span class='ocr_line' id='line_1_8' title="bbox 350 1291 1401 1387; baseline -0.007 -22"><span class='ocrx_word' id='word_1_48' title='bbox 350 1313 421 1365; x_wconf 89' lang='lat' dir='ltr'>arte</span> <span class='ocrx_word' id='word_1_49' title='bbox 434 1294 664 1360; x_wconf 87' lang='lat' dir='ltr'>commentarii</span> <span class='ocrx_word' id='word_1_50' title='bbox 678 1291 845 1359; x_wconf 89' lang='lat' dir='ltr'>feruntur.</span> <span class='ocrx_word' id='word_1_51' title='bbox 862 1291 1051 1360; x_wconf 88' lang='lat' dir='ltr'>Secundum</span> <span class='ocrx_word' id='word_1_52' title='bbox 1066 1317 1168 1387; x_wconf 90' lang='lat' dir='ltr'>quam</span> <span class='ocrx_word' id='word_1_53' title='bbox 1185 1291 1401 1361; x_wconf 89' lang='lat' dir='ltr'>eonsuetudi-</span> 
     </span>
     <span class='ocr_line' id='line_1_9' title="bbox 352 1401 1402 1500; baseline -0.002 -30"><span class='ocrx_word' id='word_1_54' title='bbox 352 1428 429 1470; x_wconf 88' lang='lat' dir='ltr'>nem</span> <span class='ocrx_word' id='word_1_55' title='bbox 453 1406 655 1496; x_wconf 87' lang='lat' dir='ltr'>posteriores</span> <span class='ocrx_word' id='word_1_56' title='bbox 679 1427 815 1499; x_wconf 89' lang='lat' dir='ltr'>quoque</span> <span class='ocrx_word' id='word_1_57' title='bbox 836 1406 1007 1486; x_wconf 86' lang='lat' dir='ltr'>existimo,</span> <span class='ocrx_word' id='word_1_58' title='bbox 1032 1429 1237 1500; x_wconf 82' lang='lat' dir='ltr'>quamquam</span> <span class='ocrx_word' id='word_1_59' title='bbox 1256 1401 1332 1497; x_wconf 86' lang='lat' dir='ltr'>jam</span> <span class='ocrx_word' id='word_1_60' title='bbox 1353 1402 1402 1469; x_wconf 90' lang='lat' dir='ltr'>di·</span> 
     </span>
     <span class='ocr_line' id='line_1_10' title="bbox 352 1510 1400 1606; baseline -0.005 -22"><span class='ocrx_word' id='word_1_61' title='bbox 352 1517 467 1584; x_wconf 89' lang='lat' dir='ltr'>scretis</span> <span class='ocrx_word' id='word_1_62' title='bbox 480 1510 759 1606; x_wconf 83' lang='lat' dir='ltr'>professionibus,</span> <span class='ocrx_word' id='word_1_63' title='bbox 777 1513 996 1581; x_wconf 89' lang='lat' dir='ltr'>nihilominus</span> <span class='ocrx_word' id='word_1_64' title='bbox 1008 1514 1060 1581; x_wconf 90' lang='lat' dir='ltr'>vel</span> <span class='ocrx_word' id='word_1_65' title='bbox 1074 1518 1269 1598; x_wconf 87' lang='lat' dir='ltr'>retinuisse,</span> <span class='ocrx_word' id='word_1_66' title='bbox 1284 1514 1339 1582; x_wconf 91' lang='lat' dir='ltr'>vel</span> <span class='ocrx_word' id='word_1_67' title='bbox 1351 1516 1400 1579; x_wconf 92' lang='lat' dir='ltr'>in-</span> 
     </span>
     <span class='ocr_line' id='line_1_11' title="bbox 353 1622 1403 1718; baseline -0.004 -25"><span class='ocrx_word' id='word_1_68' title='bbox 353 1627 498 1693; x_wconf 89' lang='lat' dir='ltr'>stituisse</span> <span class='ocrx_word' id='word_1_69' title='bbox 517 1641 551 1690; x_wconf 91' lang='lat' dir='ltr'>et</span> <span class='ocrx_word' id='word_1_70' title='bbox 570 1625 660 1715; x_wconf 91' lang='lat' dir='ltr'>ipsos</span> <span class='ocrx_word' id='word_1_71' title='bbox 684 1622 839 1718; x_wconf 88' lang='lat' dir='ltr'>quaedam</span> <span class='ocrx_word' id='word_1_72' title='bbox 858 1647 981 1714; x_wconf 74' lang='lat' dir='ltr'>genera</span> <span class='ocrx_word' id='word_1_73' title='bbox 1001 1625 1250 1693; x_wconf 87' lang='lat' dir='ltr'>institutionum</span> <span class='ocrx_word' id='word_1_74' title='bbox 1268 1623 1314 1691; x_wconf 94' lang='lat' dir='ltr'>ad</span> <span class='ocrx_word' id='word_1_75' title='bbox 1335 1622 1403 1690; x_wconf 90' lang='lat' dir='ltr'>elo-</span> 
     </span>
     <span class='ocr_line' id='line_1_12' title="bbox 354 1731 1399 1836; baseline -0.002 -34"><span class='ocrx_word' id='word_1_76' title='bbox 354 1737 527 1830; x_wconf 87' lang='lat' dir='ltr'>quentiam</span> <span class='ocrx_word' id='word_1_77' title='bbox 549 1731 824 1826; x_wconf 85' lang='lat' dir='ltr'>praeparandam,</span> <span class='ocrx_word' id='word_1_78' title='bbox 850 1749 888 1799; x_wconf 91' lang='lat' dir='ltr'>ut</span> <span class='ocrx_word' id='word_1_79' title='bbox 910 1732 1134 1836; x_wconf 83' lang='lat' dir='ltr'>problemata,</span> <span class='ocrx_word' id='word_1_80' title='bbox 1158 1732 1399 1826; x_wconf 81' lang='lat' dir='ltr'>paraphrases,</span> 
     </span>
     <span class='ocr_line' id='line_1_13' title="bbox 354 1843 1403 1940; baseline 0 -28"><span class='ocrx_word' id='word_1_81' title='bbox 354 1843 824 1936; x_wconf 63' lang='lat' dir='ltr'>allocutiones²,ethologias,</span> <span class='ocrx_word' id='word_1_82' title='bbox 839 1860 941 1940; x_wconf 91' lang='lat' dir='ltr'>atque</span> <span class='ocrx_word' id='word_1_83' title='bbox 957 1843 1022 1911; x_wconf 87' lang='lat' dir='ltr'>alia</span> <span class='ocrx_word' id='word_1_84' title='bbox 1037 1845 1102 1913; x_wconf 93' lang='lat' dir='ltr'>hoc</span> <span class='ocrx_word' id='word_1_85' title='bbox 1116 1867 1241 1936; x_wconf 79' lang='lat' dir='ltr'>genus3</span> <span class='ocrx_word' id='word_1_86' title='bbox 1257 1845 1302 1912; x_wconf 76' lang='lat' dir='ltr'>ne</span> <span class='ocrx_word' id='word_1_87' title='bbox 1321 1845 1403 1912; x_wconf 89' lang='lat' dir='ltr'>seili-</span> 
     </span>
     <span class='ocr_line' id='line_1_14' title="bbox 355 1955 1400 2051; baseline -0.002 -26"><span class='ocrx_word' id='word_1_88' title='bbox 355 1975 408 2025; x_wconf 89' lang='lat' dir='ltr'>cet</span> <span class='ocrx_word' id='word_1_89' title='bbox 417 1960 494 2026; x_wconf 90' lang='lat' dir='ltr'>sicci</span> <span class='ocrx_word' id='word_1_90' title='bbox 504 1959 752 2050; x_wconf 89' lang='lat' dir='ltr'>omuinoatque</span> <span class='ocrx_word' id='word_1_91' title='bbox 760 1955 844 2023; x_wconf 90' lang='lat' dir='ltr'>aridi</span> <span class='ocrx_word' id='word_1_92' title='bbox 852 1960 948 2051; x_wconf 92' lang='lat' dir='ltr'>pueri</span> <span class='ocrx_word' id='word_1_93' title='bbox 958 1957 1159 2025; x_wconf 84' lang='lat' dir='ltr'>Rhetoribus</span> <span class='ocrx_word' id='word_1_94' title='bbox 1169 1957 1400 2024; x_wconf 85' lang='lat' dir='ltr'>traderentur:</span> 
     </span>
     <span class='ocr_line' id='line_1_15' title="bbox 356 2065 1400 2164; baseline -0.003 -28"><span class='ocrx_word' id='word_1_95' title='bbox 356 2093 431 2164; x_wconf 84' lang='lat' dir='ltr'>quae</span> <span class='ocrx_word' id='word_1_96' title='bbox 447 2066 583 2163; x_wconf 91' lang='lat' dir='ltr'>quidem</span> <span class='ocrx_word' id='word_1_97' title='bbox 595 2069 703 2134; x_wconf 90' lang='lat' dir='ltr'>omitti</span> <span class='ocrx_word' id='word_1_98' title='bbox 713 2065 785 2159; x_wconf 89' lang='lat' dir='ltr'>jam</span> <span class='ocrx_word' id='word_1_99' title='bbox 798 2066 914 2150; x_wconf 87' lang='lat' dir='ltr'>video,</span> <span class='ocrx_word' id='word_1_100' title='bbox 932 2067 1059 2135; x_wconf 88' lang='lat' dir='ltr'>desidia</span> <span class='ocrx_word' id='word_1_101' title='bbox 1076 2065 1291 2163; x_wconf 90' lang='lat' dir='ltr'>quorundam</span> <span class='ocrx_word' id='word_1_102' title='bbox 1306 2082 1342 2134; x_wconf 88' lang='lat' dir='ltr'>et</span> <span class='ocrx_word' id='word_1_103' title='bbox 1354 2069 1400 2133; x_wconf 90' lang='lat' dir='ltr'>in·</span> 
     </span>
     <span class='ocr_line' id='line_1_16' title="bbox 356 2175 1401 2271; baseline -0.003 -26"><span class='ocrx_word' id='word_1_104' title='bbox 356 2179 478 2261; x_wconf 75' lang='lat' dir='ltr'>famia,</span> <span class='ocrx_word' id='word_1_105' title='bbox 498 2201 567 2244; x_wconf 93' lang='lat' dir='ltr'>non</span> <span class='ocrx_word' id='word_1_106' title='bbox 586 2179 676 2243; x_wconf 90' lang='lat' dir='ltr'>enim</span> <span class='ocrx_word' id='word_1_107' title='bbox 691 2175 824 2246; x_wconf 87' lang='lat' dir='ltr'>fastidio</span> <span class='ocrx_word' id='word_1_108' title='bbox 839 2193 966 2268; x_wconf 90' lang='lat' dir='ltr'>putem.</span> <span class='ocrx_word' id='word_1_109' title='bbox 984 2183 1040 2244; x_wconf 89' lang='lat' dir='ltr'>Me</span> <span class='ocrx_word' id='word_1_110' title='bbox 1056 2176 1193 2271; x_wconf 90' lang='lat' dir='ltr'>quidem</span> <span class='ocrx_word' id='word_1_111' title='bbox 1207 2177 1401 2245; x_wconf 87' lang='lat' dir='ltr'>adolescen-</span> 
     </span>
     <span class='ocr_line' id='line_1_17' title="bbox 357 2284 1405 2381; baseline -0.005 -25"><span class='ocrx_word' id='word_1_112' title='bbox 357 2289 446 2371; x_wconf 91' lang='lat' dir='ltr'>tul0,</span> <span class='ocrx_word' id='word_1_113' title='bbox 461 2304 594 2380; x_wconf 86' lang='lat' dir='ltr'>repeto,</span> <span class='ocrx_word' id='word_1_114' title='bbox 612 2285 798 2381; x_wconf 88' lang='lat' dir='ltr'>quendam,</span> <span class='ocrx_word' id='word_1_115' title='bbox 814 2290 1002 2380; x_wconf 87' lang='lat' dir='ltr'>Principem</span> <span class='ocrx_word' id='word_1_116' title='bbox 1018 2290 1169 2368; x_wconf 90' lang='lat' dir='ltr'>nomine,</span> <span class='ocrx_word' id='word_1_117' title='bbox 1184 2287 1324 2355; x_wconf 88' lang='lat' dir='ltr'>alternis</span> <span class='ocrx_word' id='word_1_118' title='bbox 1339 2284 1405 2352; x_wconf 92' lang='lat' dir='ltr'>die-</span> 
     </span>
     <span class='ocr_line' id='line_1_18' title="bbox 359 2395 1404 2489; baseline -0.003 -25"><span class='ocrx_word' id='word_1_119' title='bbox 359 2399 423 2465; x_wconf 91' lang='lat' dir='ltr'>bus</span> <span class='ocrx_word' id='word_1_120' title='bbox 440 2396 646 2478; x_wconf 84' lang='lat' dir='ltr'>declamare,</span> <span class='ocrx_word' id='word_1_121' title='bbox 663 2395 800 2464; x_wconf 86' lang='lat' dir='ltr'>alternis</span> <span class='ocrx_word' id='word_1_122' title='bbox 818 2396 1005 2489; x_wconf 88' lang='lat' dir='ltr'>disputare,</span> <span class='ocrx_word' id='word_1_123' title='bbox 1024 2397 1195 2466; x_wconf 87' lang='lat' dir='ltr'>nonnullis</span> <span class='ocrx_word' id='word_1_124' title='bbox 1212 2421 1294 2466; x_wconf 86' lang='lat' dir='ltr'>vero</span> <span class='ocrx_word' id='word_1_125' title='bbox 1308 2419 1404 2465; x_wconf 89' lang='lat' dir='ltr'>mane</span> 
     </span>
     <span class='ocr_line' id='line_1_19' title="bbox 359 2504 1406 2599; baseline -0.006 -21"><span class='ocrx_word' id='word_1_126' title='bbox 359 2509 539 2589; x_wconf 88' lang='lat' dir='ltr'>disserere,</span> <span class='ocrx_word' id='word_1_127' title='bbox 554 2523 632 2599; x_wconf 91' lang='lat' dir='ltr'>post</span> <span class='ocrx_word' id='word_1_128' title='bbox 646 2504 835 2590; x_wconf 90' lang='lat' dir='ltr'>meridiem,</span> <span class='ocrx_word' id='word_1_129' title='bbox 849 2523 980 2576; x_wconf 87' lang='lat' dir='ltr'>remoto</span> <span class='ocrx_word' id='word_1_130' title='bbox 994 2506 1142 2599; x_wconf 90' lang='lat' dir='ltr'>pulpito,</span> <span class='ocrx_word' id='word_1_131' title='bbox 1153 2505 1345 2574; x_wconf 87' lang='lat' dir='ltr'>declamare</span> <span class='ocrx_word' id='word_1_132' title='bbox 1356 2530 1406 2573; x_wconf 77' lang='lat' dir='ltr'>so</span> 
     </span>
     <span class='ocr_line' id='line_1_20' title="bbox 359 2617 1406 2711; baseline -0.006 -22"><span class='ocrx_word' id='word_1_133' title='bbox 359 2622 468 2690; x_wconf 90' lang='lat' dir='ltr'>litum.</span> <span class='ocrx_word' id='word_1_134' title='bbox 495 2617 679 2688; x_wconf 85' lang='lat' dir='ltr'>Audiebam</span> <span class='ocrx_word' id='word_1_135' title='bbox 704 2621 804 2686; x_wconf 89' lang='lat' dir='ltr'>etiam</span> <span class='ocrx_word' id='word_1_136' title='bbox 832 2623 995 2686; x_wconf 86' lang='lat' dir='ltr'>memoria</span> <span class='ocrx_word' id='word_1_137' title='bbox 1016 2637 1169 2711; x_wconf 71' lang='lat' dir='ltr'>paulun,</span> <span class='ocrx_word' id='word_1_138' title='bbox 1197 2618 1365 2711; x_wconf 90' lang='lat' dir='ltr'>quosdam</span> <span class='ocrx_word' id='word_1_139' title='bbox 1388 2641 1406 2683; x_wconf 89' lang='lat' dir='ltr'>e</span> 
     </span>
     <span class='ocr_line' id='line_1_21' title="bbox 343 2728 1406 2825; baseline -0.004 -24"><span class='ocrx_word' id='word_1_140' title='bbox 343 2774 347 2782; x_wconf 91' lang='lat'>.</span> <span class='ocrx_word' id='word_1_141' title='bbox 360 2733 573 2801; x_wconf 87' lang='lat' dir='ltr'>Grammatici</span> <span class='ocrx_word' id='word_1_142' title='bbox 588 2733 701 2802; x_wconf 85' lang='lat' dir='ltr'>statim</span> <span class='ocrx_word' id='word_1_143' title='bbox 712 2728 793 2797; x_wconf 94' lang='lat' dir='ltr'>ludo</span> <span class='ocrx_word' id='word_1_144' title='bbox 807 2733 967 2799; x_wconf 91' lang='lat' dir='ltr'>transisse</span> <span class='ocrx_word' id='word_1_145' title='bbox 979 2733 1014 2814; x_wconf 90' lang='lat' dir='ltr'>in</span> <span class='ocrx_word' id='word_1_146' title='bbox 1025 2736 1166 2813; x_wconf 90' lang='lat' dir='ltr'>Forum,</span> <span class='ocrx_word' id='word_1_147' title='bbox 1182 2745 1286 2825; x_wconf 88' lang='lat' dir='ltr'>atque</span> <span class='ocrx_word' id='word_1_148' title='bbox 1298 2732 1335 2796; x_wconf 92' lang='lat' dir='ltr'>in</span> <span class='ocrx_word' id='word_1_149' title='bbox 1348 2753 1406 2797; x_wconf 92' lang='lat' dir='ltr'>nu-</span> 
     </span>
     <span class='ocr_line' id='line_1_22' title="bbox 362 2840 1408 2937; baseline -0.009 -22"><span class='ocrx_word' id='word_1_150' title='bbox 362 2869 495 2916; x_wconf 90' lang='lat' dir='ltr'>merum</span> <span class='ocrx_word' id='word_1_151' title='bbox 514 2845 870 2937; x_wconf 85' lang='lat' dir='ltr'>praestantissimorum</span> <span class='ocrx_word' id='word_1_152' title='bbox 889 2859 1111 2934; x_wconf 87' lang='lat' dir='ltr'>patronorum</span> <span class='ocrx_word' id='word_1_153' title='bbox 1130 2857 1296 2934; x_wconf 87' lang='lat' dir='ltr'>receptos.</span> <span class='ocrx_word' id='word_1_154' title='bbox 1322 2840 1408 2908; x_wconf 86' lang='lat' dir='ltr'>Clari</span> 
     </span>
     <span class='ocr_line' id='line_1_23' title="bbox 362 2950 1409 3049; baseline -0.005 -27"><span class='ocrx_word' id='word_1_155' title='bbox 362 2955 587 3049; x_wconf 87' lang='lat' dir='ltr'>professores,</span> <span class='ocrx_word' id='word_1_156' title='bbox 604 2969 638 3021; x_wconf 88' lang='lat' dir='ltr'>et</span> <span class='ocrx_word' id='word_1_157' title='bbox 655 2951 697 3024; x_wconf 87' lang='lat' dir='ltr'>de</span> <span class='ocrx_word' id='word_1_158' title='bbox 715 2951 837 3047; x_wconf 85' lang='lat' dir='ltr'>quibus</span> <span class='ocrx_word' id='word_1_159' title='bbox 849 2951 947 3043; x_wconf 86' lang='lat' dir='ltr'>prodi</span> <span class='ocrx_word' id='word_1_160' title='bbox 958 2953 1065 3044; x_wconf 90' lang='lat' dir='ltr'>possit</span> <span class='ocrx_word' id='word_1_161' title='bbox 1075 2950 1202 3046; x_wconf 89' lang='lat' dir='ltr'>aliquid</span> <span class='ocrx_word' id='word_1_162' title='bbox 1214 2951 1409 3020; x_wconf 85' lang='lat' dir='ltr'>duntaxata</span> 
     </span>
     <span class='ocr_line' id='line_1_24' title="bbox 363 3064 765 3148; baseline 0 -16"><span class='ocrx_word' id='word_1_163' title='bbox 363 3065 476 3148; x_wconf 76' lang='lat' dir='ltr'>nobie,</span> <span class='ocrx_word' id='word_1_164' title='bbox 488 3065 560 3132; x_wconf 89' lang='lat' dir='ltr'>fere</span> <span class='ocrx_word' id='word_1_165' title='bbox 570 3064 605 3131; x_wconf 93' lang='lat' dir='ltr'>hi</span> <span class='ocrx_word' id='word_1_166' title='bbox 617 3064 765 3132; x_wconf 74' lang='lat' dir='ltr'>luerunt„</span> 
     </span>
    </p>

    <p class='ocr_par' dir='ltr' id='par_1_3' title="bbox 363 3171 1412 3686">
     <span class='ocr_line' id='line_1_25' title="bbox 410 3171 1409 3269; baseline 0.001 -28"><span class='ocrx_word' id='word_1_167' title='bbox 410 3181 449 3241; x_wconf 89' lang='lat' dir='ltr'>V.</span> <span class='ocrx_word' id='word_1_168' title='bbox 476 3178 599 3242; x_wconf 82' lang='lat' dir='ltr'>Snvrus</span> <span class='ocrx_word' id='word_1_169' title='bbox 613 3177 762 3242; x_wconf 78' lang='lat' dir='ltr'>Nicanor</span> <span class='ocrx_word' id='word_1_170' title='bbox 775 3177 905 3266; x_wconf 86' lang='lat' dir='ltr'>primus</span> <span class='ocrx_word' id='word_1_171' title='bbox 919 3171 963 3240; x_wconf 88' lang='lat' dir='ltr'>ad</span> <span class='ocrx_word' id='word_1_172' title='bbox 975 3173 1099 3240; x_wconf 89' lang='lat' dir='ltr'>famam</span> <span class='ocrx_word' id='word_1_173' title='bbox 1113 3173 1409 3269; x_wconf 72' lang='lat' dir='ltr'>dignationemque</span> 
     </span>
     <span class='ocr_line' id='line_1_26' title="bbox 364 3270 1411 3378; baseline -0.002 -26"><span class='ocrx_word' id='word_1_174' title='bbox 364 3283 517 3354; x_wconf 90' lang='lat' dir='ltr'>docendo</span> <span class='ocrx_word' id='word_1_175' title='bbox 538 3284 706 3376; x_wconf 87' lang='lat' dir='ltr'>pervenit:</span> <span class='ocrx_word' id='word_1_176' title='bbox 728 3285 872 3378; x_wconf 85' lang='lat' dir='ltr'>lecitque</span> <span class='ocrx_word' id='word_1_177' title='bbox 890 3298 1012 3375; x_wconf 83' lang='lat' dir='ltr'>praeter</span> <span class='ocrx_word' id='word_1_178' title='bbox 1031 3270 1308 3366; x_wconf 83' lang='lat' dir='ltr'>commentarios,</span> <span class='ocrx_word' id='word_1_179' title='bbox 1333 3307 1411 3378; x_wconf 87' lang='lat' dir='ltr'>quo-</span> 
     </span>
     <span class='ocr_line' id='line_1_27' title="bbox 363 3393 1410 3489; baseline -0.003 -25"><span class='ocrx_word' id='word_1_180' title='bbox 363 3420 440 3466; x_wconf 87' lang='lat' dir='ltr'>rum</span> <span class='ocrx_word' id='word_1_181' title='bbox 453 3413 566 3462; x_wconf 91' lang='lat' dir='ltr'>tamen</span> <span class='ocrx_word' id='word_1_182' title='bbox 582 3418 660 3485; x_wconf 91' lang='lat' dir='ltr'>pars</span> <span class='ocrx_word' id='word_1_183' title='bbox 672 3397 818 3462; x_wconf 87' lang='lat' dir='ltr'>maxima</span> <span class='ocrx_word' id='word_1_184' title='bbox 832 3396 1015 3487; x_wconf 85' lang='lat' dir='ltr'>intercepta</span> <span class='ocrx_word' id='word_1_185' title='bbox 1027 3393 1160 3476; x_wconf 89' lang='lat' dir='ltr'>dicitur,</span> <span class='ocrx_word' id='word_1_186' title='bbox 1175 3397 1315 3462; x_wconf 85' lang='lat' dir='ltr'>satiram</span> <span class='ocrx_word' id='word_1_187' title='bbox 1329 3417 1410 3489; x_wconf 85' lang='lat' dir='ltr'>quo·</span> 
     </span>
     <span class='ocr_line' id='line_1_28' title="bbox 364 3506 1412 3603; baseline -0.001 -28"><span class='ocrx_word' id='word_1_188' title='bbox 364 3532 447 3603; x_wconf 81' lang='lat' dir='ltr'>que3</span> <span class='ocrx_word' id='word_1_189' title='bbox 458 3510 493 3576; x_wconf 92' lang='lat' dir='ltr'>in</span> <span class='ocrx_word' id='word_1_190' title='bbox 506 3531 574 3601; x_wconf 91' lang='lat' dir='ltr'>qua</span> <span class='ocrx_word' id='word_1_191' title='bbox 583 3506 777 3577; x_wconf 89' lang='lat' dir='ltr'>libertinum</span> <span class='ocrx_word' id='word_1_192' title='bbox 789 3531 840 3590; x_wconf 88' lang='lat' dir='ltr'>se,</span> <span class='ocrx_word' id='word_1_193' title='bbox 854 3530 893 3574; x_wconf 88' lang='lat' dir='ltr'>ac</span> <span class='ocrx_word' id='word_1_194' title='bbox 902 3506 1028 3598; x_wconf 91' lang='lat' dir='ltr'>duplici</span> <span class='ocrx_word' id='word_1_195' title='bbox 1039 3510 1239 3598; x_wconf 77' lang='lat' dir='ltr'>cognomine</span> <span class='ocrx_word' id='word_1_196' title='bbox 1249 3531 1341 3590; x_wconf 89' lang='lat' dir='ltr'>esse,</span> <span class='ocrx_word' id='word_1_197' title='bbox 1353 3531 1412 3599; x_wconf 90' lang='lat' dir='ltr'>per</span> 
     </span>
     <span class='ocr_line' id='line_1_29' title="bbox 363 3614 583 3686; baseline -0.009 -1"><span class='ocrx_word' id='word_1_198' title='bbox 363 3619 429 3686; x_wconf 91' lang='lat' dir='ltr'>hoc</span> <span class='ocrx_word' id='word_1_199' title='bbox 441 3614 583 3684; x_wconf 89' lang='lat' dir='ltr'>indicat:</span> 
     </span>
    </p>

    <p class='ocr_par' dir='ltr' id='par_1_4' title="bbox 443 3762 1206 3935">
     <span class='ocr_line' id='line_1_30' title="bbox 443 3762 1113 3845; baseline -0.004 -21"><span class='ocrx_word' id='word_1_200' title='bbox 443 3763 556 3824; x_wconf 84' lang='lat' dir='ltr'>Saevius</span> <span class='ocrx_word' id='word_1_201' title='bbox 571 3762 706 3822; x_wconf 88' lang='lat' dir='ltr'>Nicanor</span> <span class='ocrx_word' id='word_1_202' title='bbox 719 3764 816 3824; x_wconf 89' lang='lat' dir='ltr'>Marci</span> <span class='ocrx_word' id='word_1_203' title='bbox 832 3764 959 3826; x_wconf 89' lang='lat' dir='ltr'>libertus</span> <span class='ocrx_word' id='word_1_204' title='bbox 974 3763 1113 3845; x_wconf 76' lang='lat' dir='ltr'>negabit,</span> 
     </span>
     <span class='ocr_line' id='line_1_31' title="bbox 443 3857 1206 3935; baseline 0.001 -17"><span class='ocrx_word' id='word_1_205' title='bbox 443 3857 557 3918; x_wconf 80' lang='lat' dir='ltr'>Saevius</span> <span class='ocrx_word' id='word_1_206' title='bbox 571 3859 762 3919; x_wconf 86' lang='lat' dir='ltr'>Postumius¹</span> <span class='ocrx_word' id='word_1_207' title='bbox 778 3859 877 3935; x_wconf 75' lang='lat' dir='ltr'>idern,</span> <span class='ocrx_word' id='word_1_208' title='bbox 894 3872 925 3920; x_wconf 87' lang='lat' dir='ltr'>at</span> <span class='ocrx_word' id='word_1_209' title='bbox 938 3861 1060 3920; x_wconf 88' lang='lat' dir='ltr'>Marcus</span> <span class='ocrx_word' id='word_1_210' title='bbox 1074 3859 1206 3921; x_wconf 71' lang='lat' dir='ltr'>docebit.</span> 
     </span>
    </p>
   </div>
   <div class='ocr_carea' id='block_1_3' title="bbox 346 4039 1413 4272">
    <p class='ocr_par' dir='ltr' id='par_1_5' title="bbox 346 4039 1413 4272">
     <span class='ocr_line' id='line_1_32' title="bbox 400 4039 1411 4113; baseline -0.002 -19"><span class='ocrx_word' id='word_1_211' title='bbox 400 4061 424 4094; x_wconf 81' lang='lat' dir='ltr'>a.</span> <span class='ocrx_word' id='word_1_212' title='bbox 453 4039 639 4094; x_wconf 79' lang='lat' dir='ltr'>Alloeutiones.</span> <span class='ocrx_word' id='word_1_213' title='bbox 663 4040 750 4113; x_wconf 69' lang='lat' dir='ltr'>Vulgo</span> <span class='ocrx_word' id='word_1_214' title='bbox 775 4041 865 4096; x_wconf 84' lang='lat' dir='ltr'>eloeu-</span> <span class='ocrx_word' id='word_1_215' title='bbox 910 4055 995 4096; x_wconf 83' lang='lat' dir='ltr'>metro</span> <span class='ocrx_word' id='word_1_216' title='bbox 1020 4042 1211 4108; x_wconf 83' lang='lat' dir='ltr'>consulerent,</span> <span class='ocrx_word' id='word_1_217' title='bbox 1239 4040 1411 4094; x_wconf 83' lang='lat' dir='ltr'>emendarunt</span> 
     </span>
     <span class='ocr_line' id='line_1_33' title="bbox 346 4122 1411 4189; baseline 0.002 -15"><span class='ocrx_word' id='word_1_218' title='bbox 346 4122 453 4176; x_wconf 65' lang='lat' dir='ltr'>&#39;aiones</span> <span class='ocrx_word' id='word_1_219' title='bbox 910 4123 1024 4177; x_wconf 84' lang='lat' dir='ltr'>Gasaub.</span> <span class='ocrx_word' id='word_1_220' title='bbox 1036 4123 1216 4189; x_wconf 76' lang='lat' dir='ltr'>Postumius,</span> <span class='ocrx_word' id='word_1_221' title='bbox 1226 4123 1346 4176; x_wconf 81' lang='lat' dir='ltr'>Gronov.</span> <span class='ocrx_word' id='word_1_222' title='bbox 1362 4125 1411 4176; x_wconf 86' lang='grc' dir='ltr'>Ρο-</span> 
     </span>
     <span class='ocr_line' id='line_1_34' title="bbox 399 4201 1413 4272; baseline 0.002 -20"><span class='ocrx_word' id='word_1_223' title='bbox 399 4202 432 4256; x_wconf 69' lang='lat' dir='ltr'>V,</span> <span class='ocrx_word' id='word_1_224' title='bbox 450 4220 470 4253; x_wconf 87' lang='grc' dir='ltr'>ι.</span> <span class='ocrx_word' id='word_1_225' title='bbox 483 4203 580 4256; x_wconf 72' lang='lat' dir='ltr'>sevae</span> <span class='ocrx_word' id='word_1_226' title='bbox 592 4203 755 4268; x_wconf 61' lang='lat' dir='ltr'>Postumio,</span> <span class='ocrx_word' id='word_1_227' title='bbox 768 4216 818 4256; x_wconf 86' lang='lat' dir='ltr'>ete.</span> <span class='ocrx_word' id='word_1_228' title='bbox 832 4205 864 4256; x_wconf 82' lang='lat' dir='ltr'>Ut</span> <span class='ocrx_word' id='word_1_229' title='bbox 909 4201 1413 4272; x_wconf 72' lang='lat' dir='ltr'>srumtame,0udend.1³ostatemev=t</span> 
     </span>
    </p>
   </div>
   <div class='ocr_carea' id='block_1_4' title="bbox 0 0 1572 5146">
    <p class='ocr_par' dir='ltr' id='par_1_6' title="bbox 0 0 1572 5146">
     <span class='ocr_line' id='line_1_35' title="bbox 0 0 1572 5146; baseline 0 0"><span class='ocrx_word' id='word_1_230' title='bbox 0 0 1572 5146; x_wconf 95' lang='lat' dir='ltr'> </span> 
     </span>
    </p>
   </div>
  </div>
 </body>
</html>
