3068 5144
327 535 332 549 ’
386 565 453 656 296
674 566 711 629 c.
737 565 969 631 snnronrr
994 565 1136 631 orno.

381 697 511 774 virum,
525 695 664 759 unicum
684 695 947 782 Imperatorem»
963 690 1203 782 praedicantes,
1222 689 1347 760 ibidem
1363 709 1425 760 sta·

382 807 442 871 tim
456 827 518 871 nec
530 799 649 895 procnl
660 825 679 866 a
691 823 772 892 rogo
787 802 858 866 vim
871 823 943 868 suae
954 803 1031 868 vitae
1048 798 1265 868 attuleruntfi.
1281 791 1383 869 Multi
1392 817 1425 868 et

382 915 588 997 absentium,
600 928 737 1006 accepto
747 914 895 994 nuncio,
910 937 981 1006 prae
993 905 1109 981 dolore
1122 915 1222 980 armis
1235 917 1322 980 inter
1336 938 1374 981 se
1383 911 1425 980 ad

380 1027 641 1093 internecionem
653 1039 905 1090 concurrerunt.
924 1026 1078 1118 Denique
1090 1046 1211 1116 magna
1229 1047 1308 1116 pars
1323 1023 1426 1090 homi·

381 1161 476 1219 num,
484 1132 687 1203 incolumem
698 1135 890 1224 gravissime
898 1131 1076 1216 detestata,
1087 1149 1258 1201 mortuum
1268 1133 1424 1202 laudibus

380 1245 492 1312 tulittz
513 1260 550 1311 ut
567 1243 669 1334 vulgo
681 1241 845 1336 jactatum
867 1246 910 1311 sit
927 1246 1048 1327 etiarn,
1067 1242 1232 1312 «Galbam
1249 1242 1292 1311 ab
1305 1268 1347 1311 eo
1359 1267 1426 1312 non

380 1373 449 1424 tam
463 1354 676 1436 dominandi,
690 1377 793 1446 quam
805 1351 1010 1447 Reipublicae
1022 1378 1062 1423 ac
1076 1353 1236 1422 libertatis
1251 1357 1427 1423 restituen-

382 1465 435 1534 doe
446 1487 565 1547 causa,
577 1465 832 1532 interemtum.»

419 1679 686 1739 6.lbidemstetim...
699 1688 885 1740 etmsuevtne
929 1690 1085 1741 sententiam
1097 1705 1188 1739 eorum
1194 1707 1261 1761 qur
1253 1686 1345 1759 apud
1358 1687 1427 1740 bunc

382 1765 534 1821 attulerunt
546 1768 630 1819 Tacit.
645 1786 668 1818 e.
681 1766 730 1838 49,
748 1751 885 1835 «Quidam
929 1787 981 1819 non
992 1787 1061 1820 noxe
1072 1772 1210 1819 mutantrn
1219 1787 1273 1822 non
1283 1785 1365 1832 nexu
1376 1787 1428 1821 ver-

383 1845 525 1897 militum'
515 1859 591 1914 Juxta
611 1865 705 1916 rogum
728 1846 884 1898 interfecere
928 1846 968 1899 bis
983 1849 1119 1919 scriptoris
1132 1848 1214 1899 Greci
1229 1845 1325 1900 ericii...
1342 1867 1429 1900 verer·

384 1943 428 1988 ee,
443 1943 496 1976 non
512 1943 582 1978 noxa
590 1943 698 1996 ,neque
717 1924 752 1976 ob
770 1937 884 1991 metum,
930 1911 1381 1996 θοιιςχμπιιῦπδτοῧσιθιιιιιιιι,
1393 1927 1429 1977 ni·

386 2003 431 2058 aed
443 2003 608 2057 emulatione
622 2004 726 2058 decoris
740 2017 766 2056 et
775 2007 885 2056 caritate
929 2005 1292 2060 eihunnfefellitvocabulnm
1298 2007 1428 2071 Latinum,

384 2087 528 2156 Principis.
540 2103 572 2136 ec
582 2099 674 2156 postea
683 2086 833 2156 promiscue
841 2086 887 2137 Be·
931 2098 956 2136 et
966 2084 1079 2136 affinitas
1093 2085 1213 2154 adjectivi
1225 2085 1358 2137 obnoxius.

385 2161 484 2229 deaei,
504 2163 658 2228 Placentiae,
676 2163 787 2235 aliisque
800 2165 828 2214 in
846 2181 887 2214 ea·
967 2180 992 2233 7.
1011 2164 1128 2234 Denique
1139 2181 1345 2235 magnopere...
1362 2179 1427 2214 mor·

398 2243 445 2294 tria
456 2242 619 2295 celebratum
630 2241 659 2294 id
669 2243 884 2313 genuemortis.·
931 2253 1003 2294 tantm
1020 2240 1136 2293 laudibus
1152 2239 1220 2292 tulit.
1237 2241 1278 2292 cf.
1297 2238 1426 2291 Plutarch.

388 2321 429 2374 cf.
442 2321 575 2374 Plutarch.
588 2341 648 2394 cap.
664 2339 704 2391 17,
719 2324 795 2392 enjus
806 2320 887 2374 verba
931 2339 990 2391 cap.
1002 2321 1042 2372 18.
1051 2322 1132 2372 —De
1142 2319 1226 2374 Galba
1235 2333 1316 2392 atque
1324 2318 1427 2372 Othone

388 2417 472 2470 quum
484 2401 728 2472 interpretationem
746 2399 887 2454 exhibeant
931 2398 1137 2472 Imperatoribue
1151 2398 1209 2451 vide
1228 2399 1389 2466 Οοιιιιιιιιιι,
1402 2400 1429 2450 ἰιι

389 2480 487 2544 Taciti,
500 2493 566 2551 puto
576 2480 680 2552 egregie
690 2479 799 2534 defendi
810 2497 888 2551 poten
931 2477 1076 2551 tragoedia,
1088 2479 1132 2532 eui
1144 2475 1258 2531 Othonia
1269 2496 1368 2532 nomen
1380 2488 1425 2530 eat.
