3076 5146
101 605 1141 636 *mcum-w

176 829 246 948 Ι).
301 827 532 948 JUNII
585 827 620 946 J
630 824 1065 952 UVENALIS
1184 997 1191 1026 .

528 1102 709 1200 VITA.

565 1417 677 1436 1¹-

98 1659 234 1770 Jumus
246 1706 440 1785 lavemus,
453 1699 597 1768 libertini
609 1698 784 1793 locupletis
795 1705 962 1769 incertum
976 1699 1083 1785 filine,
1097 1725 1142 1770 an

98 1812 276 1896 alumnus,
289 1813 331 1882 ad
344 1813 487 1881 medinm
501 1813 570 1880 fere
582 1827 715 1880 aetatem
729 1811 943 1895 declamavit,
956 1816 1058 1880 animi
1069 1838 1141 1881 ma·

99 1925 151 2015 gis
167 1948 287 2006 causa,
307 1948 411 2018 qnam
428 1921 520 2017 quod
535 1905 658 1990 seholae
677 1932 727 1989 se¹
749 1938 807 1990 aut
825 1927 909 1990 Foro
926 1938 1139 2016 praepararet.

99 2031 230 2100 Deinde
248 2057 433 2126 paucorum
454 2055 614 2100 versuum
632 2034 736 2100 Satira
754 2056 824 2102 non
843 2032 987 2100 absurde
1005 2055 1141 2124 compo·

98 2147 165 2214 sita
188 2147 225 2211 in
249 2141 400 2212 Paridem
423 2147 667 2237 pantomimum
688 2159 888 2237 poetamque
907 2140 1052 2232 [Claudii
1077 2147 1141 2209 Ne·

99 2256 218 2338 mnia,
246 2251 318 2347 ejus
344 2253 558 2321 semestribus
584 2251 743 2320 mililiolis
771 2254 1010 2340 tumentem²]‚
1036 2273 1141 2342 genus

99 2368 277 2460 scripturae
290 2363 451 2433 industrie
463 2364 618 2432 excoluit.
635 2369 678 2430 Et
690 2379 802 2430 tumen
818 2361 903 2429 bene
918 2359 997 2431 diu³
1013 2384 1058 2428 ne
1068 2384 1141 2429 mo-

100 2474 177 2543 dioo
192 2474 328 2571 quidem
346 2473 510 2543 auditorio
531 2476 712 2569 quicquam
728 2474 934 2540 committere
955 2487 1006 2540 est
1025 2493 1139 2538 ausus.

100 2592 184 2655 Mox
201 2610 323 2679 magua
340 2586 545 2681 frequentia,
566 2607 756 2678 magnoque
779 2607 936 2652 successu
956 2582 1006 2652 bis
1030 2607 1070 2650 ac
1091 2597 1141 2648 ter

100 2694 238 2764 auditus
253 2713 322 2779 est,
337 2713 374 2764 ut
390 2720 428 2764 ea
444 2718 595 2791 quoque,
613 2717 688 2789 quae
700 2695 810 2786 prima
820 2693 959 2773 fecerat,
972 2692 1142 2759 inferciret
1187 2715 1190 2730 ·

101 2808 200 2874 novis
212 2807 359 2898 scriptis:

161 2987 255 3064 Quod
267 3010 332 3048 non
344 2982 437 3048 dantl
449 3009 601 3072 proceres,
614 2987 699 3046 dabit
710 2983 838 3046 histrio:
850 2997 885 3044 tu
897 2985 1088 3055 Camerinos,

161 3087 202 3146 Et
215 3087 337 3165 Bareas,
351 3100 385 3147 tu
400 3086 553 3147 nobilium
568 3105 680 3165 magna
695 3084 772 3144 atria
787 3103 884 3143 curas.

160 3181 324 3243 Praefectos
337 3183 468 3266 Pelopea
483 3181 576 3258 facit,
590 3179 760 3240 Philomela
774 3178 938 3238 Tribunos.

102 3357 185 3420 Erat
204 3369 278 3421 tum
300 3357 335 3422 iu
355 3352 481 3422 deliciis
502 3352 588 3421 aulae
608 3352 764 3434 histrio⁵;
788 3349 952 3443 multique
972 3348 1141 3414 fautorum

103 3463 176 3557 ejus
202 3464 349 3559 quotidie
374 3462 657 3560 provehebantur.
684 3464 784 3529 Venit
808 3484 887 3552 ergo
911 3456 1082 3527 luvenalis
1105 3459 1140 3523 iu

141 3738 163 3772 r.
177 3719 280 3796 Seboloe
290 3739 324 3773 se.
335 3718 490 3772 Addidlmue
501 3738 527 3772 se
540 3738 599 3772 curu
680 3715 706 3769 3.
726 3715 796 3767 Bene
806 3714 860 3766 diu.
874 3715 913 3766 lta
925 3731 986 3780 noe,
1000 3711 1058 3763 bien
1069 3710 1143 3783 lonq-

103 3797 213 3852 Wolfio.
645 3807 714 3847 tems.

138 3894 164 3929 2.
186 3876 312 3929 Claudii..
321 3916 340 3927 ..
356 3887 504 3928 uomentem.
520 3877 600 3928 Uueie
680 3874 706 3942 4.
722 3873 797 3945 Quod
807 3892 860 3926 non
871 3874 947 3939 dunt,
959 3886 1009 3924 eto.
1019 3871 1071 3923 Sat.
1082 3872 1142 3934 Vll,

102 3955 157 4008 baee
172 3956 327 4009 inclusimus
345 3973 405 4008 cum
424 3954 598 4025 Oudendorp.
645 3973 687 4026 9⁰·
698 3956 757 4006 Jur.
772 3953 814 4006 ed.
824 3973 851 4006 u.
861 3956 892 4006 Τ.
904 3956 930 4020 1,
941 3971 968 4024 p.
981 3950 1032 4019 ⁵45
1045 3963 1071 4002 e!
1080 3949 1140 4003 580.

103 4036 181 4088 Plura
192 4035 226 4088 de
238 4035 298 4088 loco
311 4047 437 4106 corrupto
451 4037 559 4106 liupert.
571 4035 599 4084 iu
680 4033 705 4088 5.
728 4035 821 4086 Erat...
843 4035 871 4085 in
891 4031 989 4085 deliciis
1008 4029 1075 4082 uuloe
1102 4028 1142 4079 1ιὶ-

103 4115 165 4167 edil.
190 4115 340 4183 luvenalis,
371 4132 451 4186 quem
477 4114 599 4164 conferas
644 4112 912 4175 strio5uonNeronia
927 4109 968 4162 vel
984 4109 1141 4170 Domitiani,

103 4197 182 4247 etiam
194 4194 227 4248 de
238 4208 346 4248 auctore
357 4194 436 4264 hujus
445 4193 503 4244 vite
512 4191 600 4263 dispu-
644 4193 691 4244 red
713 4191 839 4244 Hadriani
862 4187 977 4261 quidam.
1000 4186 1068 4238 Vide
1090 4186 1143 4238 Oa·

103 4288 209 4327 tautem.
644 4267 773 4339 dendorp.
