3066 5148
360 537 399 614 14
731 533 767 596 c.
794 530 1028 597 suarouu

355 663 466 744 nium,
479 658 590 755 qnod³
604 661 837 750 sagacissimus
850 681 953 727 senex
964 662 1011 726 ita
1021 681 1159 751 prorsus
1171 677 1410 752 perspexerat,

355 787 395 839 ut
410 769 585 865 aliquoties
599 765 814 862 praedicalet,
832 771 958 836 «exitio
976 792 1038 836 suo
1053 771 1272 864 omniumque
1290 771 1412 843 Caium

355 885 511 948 viverem
534 895 583 962 et,
608 899 670 945 sse
688 880 851 946 natricem
870 881 1049 971 [serpentis
1068 877 1103 945 id
1120 877 1261 970 lgenus]
1278 878 1413 973 populo

355 998 525 1074 Romano,
540 988 786 1058 Phaethontem
802 990 877 1058 orbi
890 1006 1057 1058 terrarum
1071 989 1223 1058 educare.
1237 1023 1251 1053 s

402 1107 475 1170 XII.
502 1105 578 1169 Non
590 1103 636 1168 ita
650 1101 758 1168 multo
770 1116 849 1194 post
861 1104 996 1168 Iuniam
1010 1099 1226 1184 Claudillam,
1243 1106 1292 1167 M.
1308 1099 1413 1168 Silani

355 1211 555 1280 nobilissimi
574 1214 638 1278 viri
652 1210 772 1294 filiam,
791 1209 888 1280 duxit
905 1222 1075 1279 uxorem¹.
1096 1209 1225 1279 Deinde
1240 1217 1363 1302 Augur
1377 1213 1413 1277 in

355 1320 469 1388 locum
485 1321 597 1388 fratris
615 1323 667 1387 sui
685 1323 805 1388 Drusi²
819 1319 1023 1403 destinatus,
1037 1325 1131 1413 prius
1149 1343 1251 1417 quam
1264 1323 1415 1412 inaugu-

355 1449 500 1514 raretur,
517 1431 561 1499 ad
575 1431 812 1525 pontificatum
825 1429 1000 1498 traductus
1015 1427 1102 1498 est³:
1122 1433 1245 1522 insigni
1259 1433 1415 1497 testimo-

356 1541 437 1609 nint
457 1545 588 1634 pietatis
610 1558 711 1636 atque
730 1540 869 1624 indolis,
890 1566 1015 1635 quum,
1038 1540 1171 1610 deserta
1188 1539 1413 1635 desolataque

357 1651 494 1746 reliquis
507 1650 681 1718 subsidiis⁵
695 1649 790 1734 aula,
806 1648 925 1743 Sejano
936 1651 1032 1718 hoste
1043 1666 1126 1719 tunc
1138 1645 1316 1744 suspecto,
1331 1674 1414 1719 mox

358 1779 392 1830 et
400 1787 578 1857 oppresso,
591 1761 634 1830 ad
647 1787 743 1856 spem
755 1766 974 1831 successionis
985 1764 1146 1856 paulatim
1157 1762 1411 1832 admoveretur.

357 1878 466 1961 Quam
484 1900 553 1970 quo
572 1879 678 1968 magis
698 1873 926 1959 confirmaret,
944 1877 1069 1943 amissa
1090 1879 1191 1944 Junia
1208 1873 1270 1943 ⁶ex
1288 1891 1410 1970 partu,

393 2097 419 2149 3.
436 2097 512 2166 Quod
521 2090 696 2170 rapacissimis
706 2114 782 2150 senex
794 2098 860 2150 ita...
905 2096 933 2149 si
946 2097 1024 2149 Dioni
1039 2095 1117 2150 lides.
1132 2098 1227 2164 LVIII,
1247 2097 1280 2164 8,
1300 2096 1411 2148 biennio

356 2189 532 2248 perspexerat,
543 2191 594 2229 etc.
603 2179 680 2231 Conf.
691 2178 757 2244 Dio,
766 2176 861 2241 LVlll,
906 2189 981 2242 ante,
989 2195 1051 2227 ann.
1061 2175 1122 2246 784.
1130 2176 1235 2229 Certum
1244 2175 1354 2246 quidem
1363 2187 1413 2240 est,

284 2300 286 2318 ,
359 2255 860 2328 23.NepotemetiamsuumeDruso,
905 2253 1058 2305 Suetonium
1072 2255 1155 2304 nimio
1172 2254 1308 2306 brevitatis
1321 2253 1412 2305 studio

356 2334 507 2400 Tiberium,
525 2353 542 2386 a
555 2337 618 2388 Calo
630 2337 798 2386 interemtum
812 2334 860 2394 iri,
905 2343 1024 2402 tempora
1044 2332 1154 2402 paulurn
1172 2334 1320 2385 miscuisse.
1342 2333 1412 2384 Nam

247 2433 250 2438 ·
357 2425 528 2484 perspexerat
540 2412 675 2478 Tiberius,
692 2422 800 2462 auctore
815 2428 861 2461 eo·
904 2411 1087 2482 pontificatum
1099 2410 1156 2462 Caii
1167 2410 1202 2463 ad
1214 2430 1275 2462 ann.
1291 2411 1345 2480 784
1354 2428 1413 2481 pcr-

359 2489 420 2542 dem
431 2492 531 2551 Dione.
543 2509 602 2560 cap.
615 2493 658 2541 cit.
670 2490 753 2540 Tacit.
764 2487 861 2539 Annal.
905 2490 1000 2554 tinere,
1013 2487 1110 2540 docent
1121 2503 1217 2560 praeter
1225 2491 1344 2542 Dionem
1353 2507 1411 2542 ver·

358 2571 406 2635 Vl,
417 2565 467 2637 462
484 2569 538 2618 «Et
552 2568 582 2618 G.
596 2567 704 2635 Caesari,
719 2567 789 2617 forte
802 2578 860 2617 orto
904 2566 940 2619 ba
949 2567 1044 2639 Sejano
1056 2567 1152 2621 hoste...
1164 2577 1290 2640 oppresso.
1300 2570 1413 2621 Constat

359 2665 496 2713 sermone,
509 2641 540 2699 L.
551 2646 650 2700 Sullam
662 2647 793 2711 irridenti,
806 2664 862 2698 om·
905 2646 990 2711 enim,
1009 2645 1131 2715 Seianum
1153 2645 1250 2699 obiisse
1264 2666 1328 2699 ann.
1350 2645 1411 2716 784.

359 2730 404 2780 nia
414 2728 497 2781 Solle
506 2729 586 2791 vitio,
599 2739 625 2778 et
636 2727 739 2780 nullam
749 2726 861 2798 ejusdem
906 2727 955 2780 Sed
967 2743 1047 2798 quum
1057 2727 1190 2798 Augurem
1200 2729 1304 2780 Iactum
1312 2745 1413 2780 narras·

359 2811 479 2862 virtutem
500 2808 664 2874 babituram,
681 2806 808 2879 praedixit.
824 2807 861 2859 si·
905 2806 1059 2870 setCaium,
1071 2807 1206 2878 subjungit
1216 2810 1306 2862 statim
1317 2819 1413 2860 auctor

358 2885 413 2938 mul
426 2886 523 2939 crebris
535 2901 597 2939 cunt
607 2885 720 2938 lacrimis
733 2886 861 2937 minorem
879 2949 882 2954 Ι
904 2887 1074 2956 pontificatus
1103 2889 1286 2956 mentionem,
1315 2905 1412 2960 quarm

358 2983 390 3020 ex
402 2965 544 3040 nepotibus
558 2966 728 3038 complexus,
742 2969 810 3019 truci
824 2965 860 3018 al·
906 2984 984 3037 quam
995 2967 1100 3018 biennio
1112 2978 1172 3018 ante
1181 2967 1209 3017 in
1219 2966 1298 3018 illurn
1310 2966 1410 3019 collati.

358 3048 438 3098 terius
452 3044 541 3112 vultu,
561 3045 666 3098 occides
678 3045 748 3097 bunc
763 3055 804 3109 tu,
819 3046 861 3096 in·
905 3037 971 3096 vste
983 3045 1131 3115 Baorngart.

358 3127 429 3197 quit,
443 3136 468 3176 et
482 3137 506 3176 te
519 3122 595 3177 allus.
607 3146 619 3170 s
667 3147 672 3160 ·
940 3122 965 3188 4.
984 3123 1086 3197 Ιηείφιί
1098 3124 1259 3191 testimonio,
1274 3123 1332 3177 scil.
1344 3143 1361 3175 a
1370 3123 1412 3175 Ti-

393 3204 419 3270 4.
442 3203 572 3276 Serpentis
590 3202 620 3254 id
635 3220 725 3275 penus.
746 3201 861 3254 Manife-
904 3203 977 3254 bario
990 3202 1023 3253 de
1033 3204 1131 3274 pietate
1143 3202 1199 3255 Caii
1213 3219 1276 3272 erga
1289 3221 1319 3256 se
1331 3217 1412 3274 atque

308 3307 311 3312 ·
360 3284 429 3336 stum
445 3282 593 3353 glossema,
608 3284 648 3334 uti
661 3285 712 3352 jam
730 3275 773 3334 alii
787 3281 862 3354 judi·
905 3280 992 3333 indole
1006 3279 1069 3333 loto.

359 3374 460 3416 cerunt.
474 3362 555 3412 Uncis
569 3360 734 3412 inclusimus.
946 3359 971 3410 5.
996 3358 1113 3432 Reliquis
1137 3359 1272 3422 subsidiis5
1298 3359 1411 3412 mortuis

393 3441 450 3492 Xll.
476 3437 860 3492 1.Juniamclaadi110m....
905 3438 1062 3490 Germanico
1074 3453 1099 3490 et
1111 3439 1211 3504 Druso,
1227 3438 1282 3491 lilio
1296 3439 1410 3503 Tiberii,

359 3518 434 3571 eluxit
447 3533 569 3579 uxommf
583 3534 644 3568 ann.
660 3516 720 3585 786.
735 3514 798 3568 Tac.
810 3513 862 3567 A'n·
906 3514 1015 3568 sublatis
1037 3516 1160 3569 fratribus
1179 3516 1253 3583 Caii,
1276 3519 1366 3570 Druso
1384 3525 1411 3568 et

359 3598 412 3649 nal.
423 3599 471 3662 VI,
484 3593 530 3661 ao,
547 3595 622 3649 ·Sub
634 3594 704 3647 idem
716 3607 821 3666 tempus
831 3595 861 3647 C.
905 3595 1020 3648 Nerone.

359 3676 454 3744 Caesar,
468 3674 614 3728 discedenti
625 3676 741 3748 Capreas
754 3689 804 3727 avo
817 3694 862 3727 co·
941 3675 968 3727 6.
986 3676 1086 3730 Antissa
1097 3677 1179 3728 Junia
1192 3693 1224 3727 ex
1234 3685 1325 3748 partu.
1340 3677 1409 3739 Dio,

359 3773 428 3821 mes,
445 3753 599 3820 Claudiam,
615 3755 651 3805 M.
672 3753 751 3805 Silani
765 3752 861 3819 filiam,
906 3754 978 3820 LIX,
990 3753 1020 3821 8,
1034 3754 1068 3805 ad
1079 3771 1140 3806 ann.
1152 3771 1218 3825 790,
1229 3752 1269 3807 ris
1280 3748 1411 3822 Dvpmips

360 3836 484 3905 conjugio
493 3834 624 3904 accepite
636 3833 803 3901 Dio,LVlll·,
814 3831 861 3901 25,
905 3834 947 3884 cti
961 3835 1059 3885 Σιλιιοῦ
1073 3831 1206 3894 &senem
1217 3833 1252 3884 ad
1266 3831 1409 3898 Orestillae,

359 3911 632 3982 adsumserunt.
906 3911 939 3968 de
952 3931 1004 3983 qua
1017 3911 1146 3985 videcap.
1165 3912 1212 3981 25,
1226 3916 1335 3985 nuptias
1348 3924 1409 3965 eum

397 4010 421 4045 α.
436 3993 470 4043 In
486 3991 571 4043 locum
578 3993 699 4064 fratris...
711 3992 802 4058 Ducti,
815 3995 861 4063 qui
905 3985 1061 4062 processisse
1070 3991 1140 4043 dicit.
1153 3992 1220 4044 Com
1231 3994 1331 4045 Nostro
1343 4007 1407 4042 con·

353 4073 437 4142 periit
456 4089 517 4122 ann.
541 4071 600 4142 786.
620 4072 697 4124 Conf.
720 4070 754 4122 ad
772 4071 860 4124 Tiber.
906 4071 986 4123 sentit
996 4071 1080 4122 Tacit.
1097 4071 1192 4124 Annal.
1204 4073 1254 4139 Vl,
1272 4073 1321 4141 45,
1338 4085 1407 4122 mor-

361 4167 422 4221 cap.
438 4148 480 4216 54.
906 4163 959 4201 tem
978 4150 1061 4201 Juniae
1081 4147 1196 4204 Claudia
1216 4149 1251 4202 sd
1270 4157 1334 4204 anti.
1354 4145 1407 4220 789

397 4227 423 4278 3.
433 4227 476 4279 Ad
483 4225 665 4299 pontificatum
677 4227 807 4282 traditam
816 4239 860 4282 cst.
906 4229 1031 4282 referens.
