3076 5146
404 533 472 616 436
565 533 601 596 C.
627 532 761 598 SUET.
787 531 849 596 DE
873 529 963 595 ILL.
989 530 1177 596 GRAMM.
1203 531 1291 596 LlB.

404 661 526 752 saepius
542 660 580 727 in
598 658 675 726 die²
694 656 840 740 lavaret3
860 679 923 754 neo
944 655 1113 724 sufficeret
1130 657 1316 741 sumthus,
1335 682 1443 752 quam-

402 795 505 870 quam
518 796 560 840 ex
569 769 686 838 schola
693 767 1036 864 qimdmgenaannua
1046 785 1199 862 caperet,
1211 793 1251 836 ae
1262 794 1334 838 non
1344 771 1442 840 multo

401 883 515 949 minus
531 904 573 950 ex
588 905 625 948 re
643 879 814 962 familiari,
834 875 931 972 cujus
950 878 1223 970 diligentissimus
1239 896 1327 963 erat,
1344 905 1443 976 quum

401 1007 435 1059 et
453 990 605 1059 officinas
626 988 888 1083 promercalium
907 993 1053 1060 vestium
1075 1009 1260 1075 exerceret,
1284 1009 1320 1060 et
1338 1018 1443 1086 agros,

401 1102 486 1171 adeo
500 1100 640 1184 coleret,
658 1118 697 1168 ut
708 1103 828 1181 vitem,
845 1124 950 1168 manu
964 1097 1038 1193 ejus
1054 1103 1257 1185 institutam,
1276 1107 1357 1170 satis
1372 1127 1444 1172 con·

402 1229 468 1283 stet
484 1227 635 1280 trecenta
652 1215 823 1303 sexaginta
842 1213 992 1306 quinque
1009 1209 1109 1280 vasa³
1128 1211 1282 1282 edidisse.
1301 1212 1365 1284 Sed
1381 1239 1443 1281 ma·

402 1327 490 1392 xime
502 1322 666 1416 flagrabat
673 1320 913 1392 libidinibusin
923 1322 1097 1406 mulieres,
1108 1322 1271 1419 usquead
1280 1325 1443 1394 infantiam

400 1438 486 1503 oris:
505 1432 667 1528 ,dictoque
687 1457 757 1500 non
776 1431 922 1501 infaceto
939 1449 1098 1501 notatum
1119 1434 1234 1503 ferunt
1255 1433 1442 1528 cujusdam,

402 1548 478 1641 qui,
491 1568 597 1639 quum
609 1547 645 1612 in
655 1542 756 1612 turba
766 1541 922 1611 osculum
933 1543 997 1610 sibi
1008 1547 1233 1636 ingerentem,
1246 1569 1442 1640 quamquam

400 1656 588 1750 refugiens,
605 1654 753 1722 devitare
769 1679 839 1722 non
854 1671 984 1747 posset,
1006 1659 1090 1724 «Vis
1106 1673 1160 1740 tu,
1175 1687 1189 1718 υ
1207 1659 1346 1752 inquit,
1358 1689 1371 1718 ιι
1381 1681 1442 1725 ma·

401 1769 519 1859 gister,
534 1769 665 1860 quoties
683 1766 897 1832 festinantem
911 1763 1059 1858 aliquem
1076 1753 1187 1849 vides,
1203 1764 1439 1859 abligurrireir

446 1881 564 1945 XXIV.
588 1879 964 1957 M.VnnnnmsPaosos,
977 1874 1443 1969 Berytius,diucenturiat1'1m

401 1988 515 2079 petiit,
532 1983 640 2054 donec
655 1983 756 2051 taedio
769 1980 812 2048 ad
827 1981 989 2052 studia‘se
1005 1984 1159 2052 contulit.
1175 1991 1320 2077 Legerat
1329 1990 1364 2054 in
1376 2011 1445 2080 pro

400 2100 510 2166 vincia
522 2096 686 2194 quosdam
697 2112 827 2164 veteres
840 2093 973 2164 libellos
984 2095 1076 2190 apud
1087 2100 1379 2181 Grammatistam,
1392 2097 1444 2166 du·

401 2226 497 2277 rante
514 2207 626 2276 adhuc
644 2208 690 2275 ibi
709 2208 927 2301 antiquorum
946 2210 1127 2292 memoria,
1149 2208 1296 2277 necdum
1316 2212 1445 2277 omnino

401 2319 542 2402 abolita,
559 2322 646 2388 sieut
661 2323 786 2385 Romae.
804 2321 875 2384 Hos
890 2340 997 2412 quum
1013 2315 1205 2410 diligentius
1219 2339 1389 2414 repetere,
1402 2336 1445 2386 at·

402 2455 470 2525 que
483 2430 565 2497 alios
581 2428 740 2522 deinceps
757 2451 961 2519 cognoscere
977 2445 1133 2521 cuperet,
1149 2433 1323 2526 quamvis,
1338 2455 1445 2499 omnes

401 2543 590 2622 contemni,
607 2541 780 2633 magisque
795 2537 977 2631 opprobrio
993 2539 1200 2632 legentibus,
1218 2564 1325 2635 quam
1341 2540 1446 2634 gloria

403 2669 437 2719 et
448 2651 574 2720 fructui
583 2674 675 2735 esse,
689 2647 987 2732 animadverteret,
999 2650 1219 2719 nihilominus
1233 2655 1270 2719 in
1281 2655 1447 2745 proposito

402 2764 543 2830 mansit:
558 2759 732 2854 multaque
744 2758 949 2852 exemplaria
962 2775 1134 2829 contracta
1147 2760 1345 2845 emendare,
1357 2786 1394 2830 ac
1405 2761 1448 2828 di-

403 2876 593 2964 stinguere,
608 2887 642 2938 et
651 2887 815 2938 annotare
827 2873 970 2954 curavit,
986 2870 1050 2938 soli
1062 2871 1155 2954 huic,
1170 2896 1233 2940 nec
1245 2872 1308 2940 ulli
1319 2883 1456 2965 praeter'

405 3007 445 3050 ea
462 2983 703 3052 Grammatices
722 2982 826 3073 parti,
845 2978 990 3048 deditus.
1008 2983 1072 3050 Hic
1085 3005 1155 3048 non
1168 2997 1239 3048 tam
1254 2979 1448 3074 discipulos,

406 3119 509 3190 quam
525 3110 705 3161 sectatores
722 3093 868 3186 aliquot;
885 3092 1014 3160 habuit.
1032 3097 1216 3189 Nunquam
1231 3096 1324 3162 enim
1339 3096 1385 3160 ita
1398 3093 1450 3161 do

406 3209 490 3288 cuit,
501 3221 539 3272 ut
548 3207 698 3298 magistri
708 3227 888 3295 personam
900 3206 1090 3272 sustineret.
1106 3210 1221 3272 Unum
1229 3205 1284 3272 vel
1294 3205 1449 3285 alterum,

406 3316 476 3397 vel,
498 3297 808 3410 quamplurimos,
833 3331 900 3382 tres
923 3330 982 3382 aut
1002 3332 1162 3410 quantor,
1185 3314 1451 3408 postmeridianis

407 3427 498 3494 horis
512 3424 688 3494 admittere
702 3425 845 3511 solebat,
860 3427 1072 3522 cubansque,
1089 3429 1177 3494 inter
1192 3427 1313 3519 longos
1328 3451 1368 3494 ac
1383 3427 1454 3494 vul·

408 3559 503 3628 gares
520 3559 708 3618 sermones,
723 3534 835 3627 legere
856 3536 1028 3632 quaedam,
1051 3537 1153 3633 idque
1173 3562 1325 3630 perraro.
1350 3540 1453 3606 Nimis

408 3671 516 3738 pauca
527 3661 562 3712 et
572 3649 690 3737 exigua
702 3646 744 3713 de
757 3646 959 3754 quibusdam
971 3650 1109 3716 minutis
1121 3649 1377 3743 quaestiunculis
1389 3647 1454 3715 edi·

409 3758 466 3825 dit.
480 3755 627 3851 Reliquit
636 3773 748 3824 autem
760 3783 829 3826 non
841 3759 1044 3828 mediocrem
1054 3758 1174 3831 silvam
1183 3760 1452 3828 observatiomun

409 3871 572 3936 sermonis
586 3870 725 3962 antiqui.

447 4049 470 4083 a.
494 4031 529 4084 Ut
540 4032 632 4105 soepius
648 4032 675 4083 in
687 4033 742 4100 die,
759 4046 810 4087 etc.
824 4037 865 4087 An
881 4037 908 4087 in
989 4037 1014 4089 3.
1042 4037 1118 4090 Vasa.
1141 4037 1225 4088 Wolf.
1248 4037 1345 4109 probat
1364 4039 1454 4091 Ursini

395 4189 399 4198 .
410 4112 477 4174 dies,
490 4110 550 4162 καθ’
562 4108 661 4179 ipsiius,
954 4120 1132 4187 conjecturam
1145 4134 1215 4168 uvas.

777 4291 1082 4316 *—
