3068 5144
454 577 791 646 vnsrtsttuus.
1083 579 1148 660 343
1203 573 1207 586 “
1300 567 1303 579 ’

98 704 322 801 telliicopins,
333 708 448 798 ipsum
460 707 495 772 in
506 703 599 772 Urbe
614 706 847 784 interemtum,
860 708 1070 772 nunciantes.
1085 711 1150 774 Au·

97 823 235 888 corius
248 836 283 887 et
297 823 393 915 qtnst
408 815 565 912 majestas
582 817 753 912 quedam,
765 834 804 885 ut
819 816 963 885 scilicet⁵
978 822 1150 911 inopinato

97 946 131 996 et
146 927 262 997 adbuc
277 950 366 997 novo
384 930 545 1020 Principi,
561 927 678 995 deerat
693 955 700 994 :
717 926 790 994 baec
804 950 940 1022 quoque
956 933 1105 996 accessit.
1124 935 1150 996 E

96 1038 197 1132 plebe
206 1038 346 1135 quidam
358 1037 543 1106 luminibus
554 1033 725 1118 orbetus⁶,
738 1039 818 1104 item
829 1036 914 1105 alius
924 1035 1025 1105 debili
1035 1063 1150 1119 crure,

97 1152 274 1220 sedentem
295 1176 358 1245 pro
380 1151 542 1219 tribunali
560 1151 684 1242 pariter
706 1148 878 1231 adierunt,
895 1167 1031 1218 *orantes
1051 1176 1151 1244 opem

98 1261 299 1334 ralemdinit
309 1262 595 1346 ,demonstratam
605 1282 625 1327 e
635 1259 793 1352 Serapide
804 1283 865 1352 per
876 1263 1023 1354 quietem
1035 1287 1042 1327 ι
1056 1265 1151 1329 resti·

97 1389 254 1450 tutur-uni
263 1371 395 1455 ocutos,
409 1375 437 1439 si
448 1372 647 1463 inspuisset3
663 1369 941 1438 confirmaturum
953 1393 1048 1452 crus,
1061 1372 1090 1438 si
1101 1370 1151 1437 di-

98 1499 259 1574 gnaretur
270 1480 362 1552 calce
373 1485 578 1573 contingere.
592 1483 705 1566 Quum
717 1483 772 1548 vix
786 1480 869 1549 fides
882 1497 986 1564 esset,
997 1505 1069 1548 rem
1080 1480 1151 1548 ullo

97 1590 200 1660 modo
212 1613 462 1672 successurum,
474 1590 618 1686 ideoque
633 1615 675 1658 nc
688 1593 833 1683 experiri
847 1590 983 1687 quidem
995 1591 1149 1670 auderem

98 1722 267 1798 extremo,
280 1703 490 1774 hortantibus
504 1706 637 1786 amicis,
649 1701 761 1796 pelam
774 1728 837 1796 pro
848 1708 1009 1773 concione
1020 1721 1151 1771 utrum-

98 1839 164 1910 qne
175 1815 350 1900 tentavitl,
360 1839 424 1884 nec
433 1831 574 1884 eventus
586 1815 703 1883 defuit.
716 1820 778 1882 Per
789 1813 878 1882 idem
888 1831 1021 1908 tempus
1030 1821 1151 1905 Tegeae

98 1927 133 1992 in
151 1922 310 2008 Arcadia,
329 1928 491 1993 instinctu
504 1928 771 2008 vaticinantium,
788 1925 910 1992 effossa
927 1941 1006 1992 sunt
1020 1941 1151 1992 secrato

99 2033 172 2102 loco
185 2057 268 2104 vaes
280 2037 392 2128 operis
404 2039 551 2131 antiqui,
564 2052 668 2129 atque
679 2040 714 2103 in
726 2039 766 2104 iis
777 2035 932 2102 assimilis
944 2038 1150 2128 Vespasiano

99 2167 221 2237 imago.

144 2276 237 2340 VIII.
262 2271 354 2341 Talis
372 2289 533 2367 tantaque
556 2295 635 2342 cum
651 2273 742 2340 fama
760 2276 796 2340 in
815 2271 942 2340 Urbem
964 2282 1149 2350 ¹reverens,

100 2531 115 2582 'e
129 2527 282 2581 rumoribus
296 2529 325 2581 in
342 2525 466 2582 historias
483 2531 602 2596 venisse,
684 2547 709 2601 7.
724 2528 973 2601 Valetudinilulg.
986 2527 1149 2584 valetudinis.

98 2605 161 2659 inde
176 2622 285 2678 quoque
298 2618 390 2679 patere
401 2606 514 2674 ridetur,
524 2607 604 2680 {quod
647 2611 724 2663 Cous.
737 2609 911 2682 Oudendorp.

98 2685 173 2758 apud
187 2686 273 2740 Tacit.
285 2687 324 2754 tt,
337 2687 386 2758 73,
399 2685 513 2739 Carmeli
524 2689 603 2738 etiam
684 2690 709 2742 8.
728 2687 863 2740 Palam...
876 2700 1015 2759 utrumque
1025 2690 1148 2754 tentavit,

98 2767 197 2820 nentis
210 2763 334 2819 sacerdos
346 2765 471 2820 Basilides
481 2766 586 2820 dicitur.
647 2780 699 2821 etc.
709 2770 793 2820 Tacit.
802 2768 820 2820 l.
830 2785 855 2825 e,
867 2769 1078 2840 uVeepesianus,
1089 2787 1151 2820 cun-

134 2843 162 2898 5.
183 2845 220 2896 Ut
229 2844 333 2898 scilieet.
347 2846 445 2917 lejana
458 2848 602 2917 geminatio
648 2862 690 2900 cta
702 2847 814 2900 sonante
830 2865 882 2900 sate
893 2861 986 2919 patere
997 2862 1085 2914 ratus,
1100 2867 1151 2901 neo

98 2923 308 2996 particularum,
321 2927 365 2978 cai
379 2925 500 2978 medetur
514 2925 603 2978 Codex
647 2931 791 3000 quicquam
810 2929 878 2981 ultra
901 2928 1069 2995 incredibile,
1092 2929 1150 2982 leto

98 3005 248 3070 Tomntii,
269 3006 332 3076 qni,
352 3004 425 3062 salva
446 3005 603 3058 auctoritate
647 3009 705 3079 ipse
718 3007 807 3074 vultu,
824 3021 926 3074 erecta,
942 3025 999 3078 que
1014 3004 1150 3071 adstabat,

1 3124 2 3131 ι
97 3083 344 3151 viridantem.
542 3129 544 3135 ,
648 3087 833 3152 multitudine,
840 3091 914 3157 jussa
924 3089 1083 3155 exsequitur.
1094 3088 1151 3138 Ste-

132 3163 159 3217 6.
172 3165 199 3216 Ε
205 3163 282 3237 plebe
290 3163 397 3236 quidam
409 3164 552 3218 luminibus
560 3186 603 3218 or-
647 3169 694 3220 tim
709 3183 837 3218 conversa
849 3165 883 3216 ad
897 3183 973 3218 usum
988 3183 1100 3232 manus,
1119 3185 1150 3218 ac

99 3245 185 3308 hm,
195 3257 247 3296 etc.
257 3245 342 3296 Tacit.
353 3246 420 3298 Hist.
430 3247 474 3309 IV,
484 3247 531 3298 8¹:
545 3247 603 3298 «Ex
648 3263 720 3298 caco
734 3245 830 3297 reluxit
845 3245 911 3297 dies.
926 3248 1089 3316 Utrumque,
1104 3249 1150 3315 qui

97 3320 175 3394 βεδε
188 3321 365 3376 Alexandrina
377 3322 500 3394 quidam,
512 3323 604 3375 oculo·
647 3326 806 3391 interfuere,
826 3342 899 3376 nunc
921 3343 1029 3397 qrroque
1048 3343 1151 3376 memo-

99 3421 155 3453 rum
167 3401 230 3454 tabe
240 3414 335 3470 notus,
344 3420 435 3476 genua
446 3405 503 3473 ejus
514 3400 604 3454 advol·
647 3417 721 3468 rant,
736 3417 879 3474 postquam
895 3403 998 3455 nullam
1012 3404 1150 3456 mendacio

97 3480 604 3552 ritur‚mmedtnmoeciurtmpoeeens
646 3486 793 3558 pretiunm
820 3488 861 3536 lle
884 3483 1012 3537 miraculo
1036 3505 1151 3558 querere

98 3563 206 3632 gemitu,
214 3559 603 3634 monituSerttpitlisDei,quem
647 3585 702 3618 non
711 3579 796 3618 vacat.
804 3566 845 3618 (ll.
852 3569 963 3637 interpr.
974 3564 1008 3618 ad
1017 3565 1069 3618 loc.
1081 3579 1149 3620 nost.

99 3639 189 3694 dedita
207 3640 443 3710 superstitionibus
460 3657 525 3711 gens
542 3654 604 3694 ante
647 3659 674 3698 et
685 3645 799 3696 Reimar.
811 3643 845 3696 ad
857 3643 959 3716 Xipbil.

99 3719 164 3774 alios
181 3719 262 3784 colit,
275 3719 488 3793 precabaturque
500 3721 602 3772 Princi·
682 3726 750 3777 VIII.
767 3743 789 3776 1.
808 3726 842 3776 In
860 3725 953 3777 Urbem
969 3745 1087 3780 reveren.
1102 3728 1151 3778 Pa.

99 3815 172 3870 pem,
185 3813 215 3852 ut
228 3815 312 3870 genas
325 3812 353 3850 et
366 3799 504 3852 oculomtn
522 3798 603 3852 orbes
647 3805 713 3855 revit
723 3805 773 3855 iter
782 3799 945 3868 triburensi
956 3805 1067 3870 χιιμῦιοι
1078 3806 1150 3876 (sun.

100 3875 253 3949 dignarum
270 3895 422 3950 respergere
441 3880 494 3931 oris
511 3897 605 3932 excre-
647 3884 731 3954 823),
743 3897 773 3936 ut
780 3884 890 3958 loseph.
901 3885 1036 3940 Betttud.
1052 3889 1097 3953 IV,
1111 3903 1151 3954 ιι,

100 3973 197 4011 mento.
212 3958 286 4011 Alina
299 3977 409 4012 manum
420 3977 495 4034 oeper,
508 3957 602 4011 eodem
648 3960 673 4015 5.
688 3962 827 4016 Adventus
839 3966 866 4016 in
881 3964 1002 4030 Italiam,
1016 3983 1092 4036 quem
1105 3965 1152 4019 de-

100 4037 155 4092 Deo
170 4051 300 4104 anctore,
318 4053 348 4092 ut
363 4039 434 4112 pede
449 4059 480 4092 ac
493 4043 603 4111 veetigIo
648 4041 741 4095 scribit
750 4042 944 4109 idem‚vtt,4,
959 4062 981 4109 t,
992 4046 1096 4095 exeunti
1106 4044 1153 4097 de-

100 4117 207 4172 Gesaris
217 4119 376 4182 calcaretur,
385 4119 486 4172 orabat.
495 4143 507 4167 s
516 4122 556 4174 De
566 4119 603 4172 al·
648 4141 720 4174 muru
727 4127 812 4176 testati
821 4122 991 4190 tribuendus,
1001 4135 1031 4174 ut
1038 4121 1153 4176 ostendit

101 4199 179 4251 terias
192 4197 344 4252 valetudine
355 4217 418 4252 cuna
430 4201 524 4253 Tacito
535 4218 603 4253 oon·
647 4204 761 4255 Reimar.
779 4202 813 4256 ad
832 4199 934 4272 Xipbil.
952 4204 1049 4270 vat,
1067 4222 1093 4272 9.
1112 4205 1152 4255 De

103 4280 178 4330 sentit
189 4275 291 4352 Xipbll.
304 4278 401 4348 LXVI,
412 4279 438 4343 8,
648 4283 743 4334 itInere
754 4281 813 4334 vide
824 4280 935 4354 loseph.
945 4281 1006 4349 vtl,
1021 4299 1051 4348 a,
1068 4298 1088 4333 ι.
