3054 5152
39 617 41 658 l

519 549 657 614 lVER'O.
1050 556 1107 620 181

39 663 41 728 l
93 695 203 758 emon,
226 673 377 742 etmulti
398 674 498 742 taedio
520 674 703 743 audiendi⁵
725 673 970 772 laudandique,
989 677 1112 747 clausis

39 821 41 850 l

92 785 268 881 oppidorum
289 789 414 879 portis,
437 803 496 853 aut
516 787 632 854 furtim
651 785 827 854 desiluisse
850 788 892 855 de
914 807 1033 873 muro,
1053 807 1112 858 aut

39 911 40 918 ’
91 913 171 966 noue
188 895 345 964 simulata
361 896 479 964 funere
497 896 585 964 elati.
608 901 718 981 Quam
733 913 849 998 autenp
863 897 992 991 trepide
1006 902 1113 966 anxie·

91 1032 135 1104 que
146 1004 341 1076 certaverit⁶
352 1060 361 1090 ,
374 1023 501 1100 quanta
516 1007 786 1076 adversariorum
799 1008 1030 1092 aemulatione,
1046 1035 1113 1104 quo

91 1134 157 1184 netu
165 1113 338 1208 judicum,
351 1119 405 1184 vix
419 1114 642 1209 credipotest.
656 1115 890 1200 Adversarius,
904 1121 999 1213 quasi
1014 1119 1116 1212 plane

91 1228 266 1297 conditionis
288 1225 458 1321 ejusdem,
485 1228 682 1312 observare,
704 1247 859 1322 captare,
880 1231 1040 1298 infamare
1062 1256 1115 1300 se-

39 1373 40 1392 r
91 1357 175 1423 onte,
192 1365 442 1436 nonnunquam
459 1365 498 1408 ex
514 1365 657 1408 occursu
672 1339 858 1409 maledictis
873 1345 1059 1426 incessere,
1075 1369 1115 1412 ac

91 1455 168 1546 siqui
180 1469 254 1519 arte
269 1450 522 1544 praecellerent,
542 1475 758 1546 conmmpere
776 1455 876 1520 mam
887 1452 1033 1521 solebat.
1054 1460 1114 1522 Ju-

39 1573 41 1646 l

39 1893 40 1910 t

39 1943 41 1972 l

39 1987 41 2010 l

90 1562 155 1630 lues
170 1577 307 1644 autem,
325 1564 418 1653 prius
436 1585 538 1656 quarn
557 1564 736 1653 inciperet,
753 1563 1021 1634 reverentissime
1037 1561 1117 1630 allo·

90 1671 244 1764 piabatur,
260 1701 274 1732 α
286 1673 408 1737 Omnia
420 1694 455 1736 se
465 1670 616 1737 facienda
626 1670 743 1738 fecisse
754 1669 830 1755 ,sed
839 1687 996 1738 eventum
1004 1675 1038 1739 in
1050 1697 1117 1742 ma·-

89 1807 120 1850 nu
131 1805 200 1850 esse
215 1788 393 1849 Fortunae:
409 1779 501 1864 illos,
516 1796 555 1848 ut
572 1784 738 1873 sepientes
753 1798 787 1849 et
800 1781 916 1849 doctos
929 1785 1038 1866 viros,
1051 1784 1117 1850 for-

90 1898 150 1966 oin
160 1893 285 1961 debere
298 1891 494 1960 excludere:
507 1923 520 1952 o
536 1909 655 1987 atque,
668 1908 706 1960 ut
717 1892 872 1974 auderet,
886 1892 1115 1976 hortantibus,

39 2047 40 2056 κ
89 2010 214 2100 equiore
229 2006 343 2072 animo
360 2002 555 2086 recedebat3
570 2028 610 2071 ac
625 2029 669 2072 ne
687 2007 735 2071 sic
754 2003 891 2098 quidem
910 2007 981 2071 sine
999 2004 1116 2072 sollici·
1160 2083 1164 2095 ,
1245 1997 1248 2004 “

89 2113 198 2196 tudine,
218 2117 477 2183 taciturnitatem
489 2113 722 2209 pudoremque
740 2114 955 2209 quorundam
968 2139 1030 2206 pro
1046 2119 1117 2182 tris-

89 2228 156 2293 titia⁷
177 2243 212 2294 et
234 2226 442 2317 malignitate
465 2250 630 2318 arguens,
646 2241 888 2319 suspectosque
909 2225 972 2292 sibi
989 2224 1114 2300 dicens.

118 2343 233 2406 XXIV.
261 2343 301 2405 ln
318 2338 477 2406 certando
495 2362 575 2405 vero
591 2341 637 2405 ita
653 2337 718 2429 legi
736 2336 912 2405 obediebat
924 2348 953 2422 ¹,
974 2354 1013 2404 ut
1030 2362 1117 2404 nun-

89 2473 172 2543 quam
186 2474 362 2518 exscreare
378 2474 499 2532 ausus,
518 2447 676 2518 sudorem
694 2473 830 2544 quoque
847 2450 965 2517 frontis
981 2449 1118 2518 brachio

89 2557 277 2652 detergeret:
293 2575 396 2656 atque
415 2563 513 2628 titiam
532 2564 568 2627 in
586 2563 711 2654 uagioo
730 2559 877 2654 quodam
895 2577 992 2643 actu,
1011 2585 1117 2654 quum

89 2669 223 2764 clapsum
236 2670 414 2740 baculum²
427 2675 492 2741 cito
504 2674 730 2754 resumsisset,
743 2669 885 2766 pavidus
900 2688 934 2738 et
945 2686 1115 2754 metuens,

116 2891 138 2946 5·
154 2894 275 2968 ltaque...
294 2907 320 2946 et
338 2894 415 2947 multi
431 2896 507 2948 taedio
524 2915 571 2948 ow
618 2898 724 2964 tuterit,
735 2910 785 2949 etr.
798 2895 866 2948 Vide
880 2894 915 2946 td
928 2913 954 2947 c.
971 2911 1012 2947 αι.
1032 2895 1116 2944 Tacita

88 2969 176 3037 tadi,
189 2987 240 3027 etc.
256 2975 334 3026 (lanf,
349 2973 433 3026 Tacit.
450 2977 571 3042 xv1,5=
617 2977 712 3028 Annal.
729 2977 804 3042 XVI,
817 2975 847 3040 4,
865 2977 1020 3025 -Postremo
1034 2973 1117 3024 flexus

39 3047 40 3066 l
90 3049 148 3103 eat
158 3054 201 3123 qui
213 3055 323 3106 remotis
334 3055 573 3125 e.municipiis,se·
616 3052 934 3126 geumetcoeturnillum
950 3069 1119 3104 manutene-

88 3147 214 3202 teramque
227 3130 315 3184 adhuc
330 3146 357 3185 et
374 3135 474 3205 antiqui
491 3137 572 3187 moris
616 3148 704 3201 ratus,
716 3131 986 3202 sententiasjudicum
999 3133 1119 3203 opperie-

39 3209 40 3216 ³
88 3210 337 3276 retinentesltaliam,
346 3215 457 3285 quique,
465 3212 573 3284 pcrlon·
616 3211 695 3264 batur
707 3213 769 3264 licto
779 3228 906 3281 pavore.»

87 3305 125 3357 gos
137 3293 295 3360 provincias,
307 3290 418 3344 lascivire
430 3293 572 3364 inexperti,
653 3308 678 3360 7.
694 3292 748 3344 Pro
755 3291 874 3354 tristitia,
882 3289 1036 3358 iniquitate,
1044 3305 1117 3340 acor-

88 3367 164 3420 offioio
176 3370 337 3441 legationum
354 3385 399 3422 aut
409 3374 509 3442 privata
520 3373 572 3422 uti-
616 3371 714 3434 bitste,
725 3388 804 3441 quam
813 3371 841 3419 in
850 3365 997 3438 judicando
1011 3367 1117 3437 praefer·

39 3465 40 3468 ¹
87 3445 162 3514 litate,
181 3450 355 3516 advenerant,
369 3467 455 3521 neque
476 3450 572 3520 adspe·
617 3465 685 3502 rent.

39 3549 41 3600 ᾗ
89 3541 147 3580 aum
158 3530 229 3582 illum
245 3528 374 3594 tolerare,
387 3548 474 3601 neque
487 3528 573 3581 labori
652 3531 746 3583 xxtV.
764 3546 786 3580 1.
799 3530 842 3581 lta
852 3527 903 3601 lepi
913 3526 1053 3591 obediebat,
1066 3539 1117 3578 etc.

39 3607 40 3670 ᾗ
88 3606 211 3661 inhonesto
237 3607 402 3661 sufficere...
428 3607 570 3672 Constitit,
617 3610 701 3661 Tacit.
717 3610 793 3673 XVl,
812 3607 845 3673 4,
860 3604 1024 3676 «ingreditur
1040 3603 1116 3658 tlteo-

89 3685 213 3760 plerosque
231 3689 367 3760 equitum,
384 3686 447 3738 dum
465 3705 572 3758 peratt-
618 3701 701 3752 trum,
716 3687 819 3738 cunctis
836 3683 1117 3753 citharaelegibosob-

39 3751 40 3820 l
88 3768 171 3833 guttim
183 3766 270 3818 aditus
287 3780 313 3818 et
328 3768 494 3836 ingruentem
507 3763 573 3816 mul·
617 3761 1117 3836 temperansznefessnsreeideret;ne

39 3855 40 3882 t
89 3843 210 3896 titudinem
229 3847 380 3911 enituntur,
400 3845 528 3909 obtritos,
547 3857 573 3895 et
618 3843 740 3897 sudorem
751 3845 802 3896 nisi
813 3863 858 3911 ca,
868 3861 947 3915 quant
957 3840 1062 3894 indutui
1073 3861 1117 3912 ge-

39 3917 40 3970 l
89 3918 155 3988 alios,
166 3921 227 3974 dum
239 3922 311 3976 diem
326 3938 487 3994 noctemque
501 3921 571 3976 setll-
617 3925 973 3993 rebat,restedetergcret;
996 3921 1116 3972 utnulla

39 4041 40 4046 ,
88 3997 145 4052 libus
164 4006 338 4069 continuant,
357 4003 452 4056 morbo
476 4003 573 4054 exitiali
618 4006 670 4058 oris
685 4017 732 4056 aut
747 4005 850 4056 narium
866 4013 1032 4054 excrementa
1049 4000 1116 4050 vise-

39 4075 41 4160 p
88 4096 218 4154 correptos.
230 4107 241 4130 ι
252 4082 381 4135 -Aut...
391 4085 488 4154 funere
500 4082 572 4135 elati.
618 4097 737 4136 rentur.»

39 4171 40 4178 ¹
88 4159 143 4213 Vide
156 4162 413 4234 Xiplril.LXlll,15.
654 4182 678 4214 α.
697 4161 837 4216 Batulum.
853 4159 973 4227 lntellipo
988 4165 1116 4227 sceptrum

114 4241 138 4291 6.
158 4242 269 4311 Quam...
285 4243 381 4314 trepide
389 4241 515 4314 anxieque
523 4250 573 4294 cor'·
618 4261 679 4294 curn
688 4242 762 4306 aliis,
772 4240 897 4312 quoniam
908 4237 941 4288 dc
952 4235 1048 4308 tropico
1058 4247 1116 4294 octor
