3066 5148
376 517 415 584 18
743 511 779 575 G.
805 510 1039 578 SUETONII

276 639 280 646 ’
369 646 552 726 festinavit,
563 645 761 733 'tempestate
771 637 1114 734 turbida‚quomagis
1124 642 1232 732 pietas
1241 646 1419 711 emineret:

369 755 517 850 adiitque
530 749 806 833 venerabundus,
823 773 863 818 oc
881 773 944 842 per
961 766 1068 819 semet
1082 752 1117 818 iu
1135 775 1238 820 ornus
1257 751 1418 822 condidit.

369 873 438 938 Nec
446 869 577 937 minore
591 863 711 932 scena³
724 864 870 945 Ostiam,
885 861 1024 955 praefixo
1038 863 1073 930 in
1086 861 1224 932 biremis
1238 889 1354 958 puppe
1365 890 1421 933 ve·

322 1065 325 1070 ,
367 975 466 1061 xillo,
482 993 516 1045 et
528 973 607 1044 inde
621 979 763 1040 Romam
774 972 888 1040 Tiberi
902 972 1098 1056 subvectos,
1113 997 1174 1066 per
1188 974 1418 1068 splendidissi-

365 1113 462 1158 mum
472 1109 644 1183 quemque
655 1086 820 1180 equestris
831 1081 976 1167 ordinis,
988 1084 1102 1154 medio
1114 1108 1154 1153 ac
1164 1086 1334 1180 frequenti
1344 1085 1420 1155 4die

364 1196 499 1266 dnobus
514 1193 651 1264 ferculis
670 1189 847 1262 Mausoleo
865 1191 1000 1262 intulit:
1018 1192 1222 1289 inferiasque
1235 1194 1287 1262 his
1303 1220 1419 1264 annua

364 1309 526 1402 religione
535 1303 669 1399 publice
679 1304 841 1372 instituit:
856 1319 890 1371 et
903 1327 943 1371 eo
957 1303 1104 1398 amplius
1115 1309 1216 1372 matri
1224 1309 1417 1389 Circenses,

364 1415 665 1513 carpentumque⁵‚
675 1437 745 1509 quo
754 1417 790 1482 in
799 1437 924 1507 pompe
933 1413 1176 1484 uuduceretur.
1189 1421 1231 1484 tt
1240 1419 1276 1484 in
1287 1441 1418 1486 memo-
1481 1428 1483 1436 '

363 1535 448 1601 riam
461 1531 567 1624 patris
576 1523 808 1619 Septembrem
818 1547 971 1594 mensem
984 1525 1206 1592 &munuum
1219 1527 1415 1621 appellavit.

363 1649 443 1712 Post
453 1641 526 1710 haec
536 1639 688 1707 Antoniae
699 1636 820 1718 aviae⁶‚
831 1635 991 1732 quicquid
1000 1660 1153 1731 uuquam
1162 1640 1255 1706 Livia
1264 1645 1417 1732 Augusta

357 1754 532 1824 honorum
544 1753 703 1845 cepisset,
715 1772 786 1816 uno
797 1748 1094 1818 Senatusconsulto
1106 1751 1284 1841 congessit.
1301 1755 1418 1820 Patru-

362 1891 423 1935 um
436 1863 634 1943 Claudium,
648 1863 806 1956 Equitem
820 1866 1011 1930 Romanum
1025 1859 1068 1930 od
1086 1859 1121 1929 id
1137 1877 1289 1957 tempus,
1310 1863 1415 1933 colle-

361 1999 439 2072 gam
452 1976 516 2046 sibi
532 1977 569 2042 in
582 1971 762 2042 consulatu
777 1974 965 2040 assumsiu.
986 1979 1137 2041 Fratrem
1148 1973 1341 2042 Tiberium⁸
1358 1974 1416 2043 die

359 2089 464 2160 virilis
475 2104 562 2180 togae
573 2085 765 2180 adoptavit,
782 2084 1030 2180 appellavitque
1038 2091 1214 2180 principem
1217 2091 1412 2175 juventutis.

342 2267 345 2278 ‚
359 2207 409 2272 De
421 2199 611 2271 sororibus⁹
622 2213 740 2266 auctor
748 2196 831 2279 fuit,
844 2212 883 2264 ut
891 2196 1049 2265 omnibus
1059 2201 1276 2288 sacrpmentis
1288 2196 1415 2293 adjice-

358 2329 467 2396 retur,
477 2313 627 2395 uuQuu
638 2312 702 2378 uu
714 2308 985 2394 uruuuosQun
994 2311 1112 2377 usos
1120 2311 1330 2377 camenus
1338 2313 1414 2377 un-

358 2561 453 2635 trisque
461 2557 565 2612 cineret.
581 2555 622 2608 Cf.
633 2553 721 2606 TIbcr·
733 2551 783 2619 δᾴς
796 2553 862 2618 Dio,
907 2554 942 2606 cf.
955 2553 1025 2625 Lips.
1039 2553 1073 2607 ad
1083 2554 1168 2607 Tacit.
1181 2552 1278 2606 Annal.
1291 2555 1352 2622 XII,
1364 2555 1411 2622 la.

357 2640 433 2707 LIII,
446 2637 471 2690 3.
491 2635 646 2688 Accuratior
664 2634 749 2686 Dione
768 2631 862 2685 Sueto-
941 2633 967 2686 6.
988 2635 1051 2688 Post
1061 2631 1248 2685 heorstanus
1259 2634 1342 2701 avia,
1357 2649 1411 2687 eto.

357 2709 864 2785 niusmatrisfratrisquemonfratmm·
905 2712 971 2778 Dio,
983 2713 1057 2778 LIII,
1069 2712 1100 2779 3,
1112 2711 1159 2762 nbi
1170 2709 1231 2764 vide
1241 2711 1345 2764 fabric.
1357 2732 1413 2768 nu-

358 2815 421 2870 que,
436 2797 538 2847 cineres
549 2790 627 2857 dicit,
642 2807 755 2864 quorum
771 2787 818 2841 illa
834 2790 861 2841 in
905 2811 962 2845 mos
975 2805 1189 2864 comparantem,
1200 2791 1228 2842 in
1241 2791 1340 2864 quibus
1350 2797 1412 2848 An·

356 2873 443 2928 insula
462 2869 636 2937 Pandateria,
655 2867 699 2921 bic
716 2871 744 2920 in
764 2867 861 2919 Pontia
905 2873 980 2925 tonia
994 2871 1117 2924 Sacerdos
1129 2871 1241 2944 adaptasti
1256 2871 1368 2940 dicitur,
1383 2889 1412 2927 et

355 2956 471 3028 perierat
486 2948 610 3024 (mallem
625 2949 696 3000 enim
711 2945 738 2998 b.
756 2945 773 2998 l.
786 2947 861 2999 Poa-
904 2951 1106 3021 Inscriptionem
1119 2947 1191 3022 apud
1202 2943 1365 3019 Gruterum,
1380 2971 1411 3024 p.

356 3037 421 3087 tiam
439 3049 500 3086 cum
517 3029 658 3082 Torrentio
676 3026 809 3092 scribere,
831 3039 860 3078 ut
904 3025 1074 3092 ccxxxw,
1085 3043 1111 3095 9.

355 3099 860 3186 Tiber.54‚quoddupliciforme'idem
941 3121 965 3175 7.
985 3107 1114 3158 Patruum
1126 3105 1295 3160 claudicem...
1307 3127 1412 3164 assum.

356 3207 449 3248 auctor
471 3210 535 3248 usus
561 3206 619 3242 este
641 3206 697 3239 non
717 3184 858 3258 videtur),
903 3182 952 3244 εἰη
966 3202 1027 3236 unu.
1040 3201 1101 3256 790.
1116 3185 1195 3238 Conf.
1209 3187 1365 3255 Dio,LIX,
1381 3190 1408 3243 6.

356 3292 439 3346 quum
448 3272 551 3325 Drusus
560 3272 650 3322 Roma
661 3268 689 3319 in
701 3265 804 3318 Palatio
815 3266 859 3317 in·
903 3262 934 3311 In
944 3264 1061 3333 equestri
1070 3261 1165 3314 ordine
1174 3279 1336 3318 remanserat
1346 3266 1412 3322 buc-

356 3354 482 3406 terfcctua
497 3351 608 3414 fuisset,
625 3364 786 3420 quamquam
800 3363 859 3398 cre·
903 3357 1005 3411 utque,
1024 3340 1146 3412 legitimis
1169 3340 1336 3410 bonoribus,
1361 3349 1421 3417 qui¹

355 3433 437 3486 dibile
458 3444 517 3498 est,
540 3429 620 3499 liujus
640 3429 741 3479 cineres
763 3425 857 3479 eodem
903 3418 1004 3472 aditum
1017 3420 1045 3470 in
1057 3420 1163 3472 Curiam
1175 3418 1284 3487 dorent,
1298 3441 1315 3475 a
1327 3424 1413 3478 Tibe-

354 3513 476 3569 cumIllit
485 3508 856 3578 honorefnisseoonjunctos.
902 3501 942 3552 rio
956 3498 1085 3552 exclusus.
1100 3497 1167 3553 Vide
1179 3500 1274 3554 Claud.
1290 3503 1315 3557 5.

390 3591 415 3644 3.
423 3585 858 3655 Necmiaoretetna,specie‚spa-
937 3583 962 3635 8.
982 3582 1097 3633 Fratrem
1109 3580 1261 3650 Tiberium,
1276 3599 1325 3637 etc.
1340 3585 1407 3654 Ilio,

352 3667 476 3723 ctaculo:
492 3664 565 3738 quod
580 3665 667 3735 ipsum
681 3661 793 3714 dicimus
807 3681 857 3715 nos
900 3659 974 3725 LIX,
987 3661 1013 3712 8.
1024 3661 1140 3710 fratrem
1151 3660 1216 3713 dicit
1228 3661 1386 3733 patruelem.

334 3749 337 3754 '
351 3748 469 3822 raupa,
483 3743 610 3819 appareil.
935 3758 961 3810 9.
980 3740 1020 3790 Ila
1034 3738 1172 3807 sororibus,
1185 3754 1238 3792 etc.
1252 3744 1318 3810 Dio,
1330 3743 1406 3812 LIX,

387 3827 414 3897 4.
431 3823 613 3897 Acsraqoeati
623 3820 674 3873 die.
686 3819 789 3873 Inutilis
799 3839 854 3873 mu·
899 3815 925 3870 3.
936 3821 1015 3872 Ilecte
1024 3818 1139 3872 Casauh.
1152 3838 1185 3871 ex
1196 3819 1291 3873 eodem
1302 3823 1406 3892 Diona,

350 3909 416 3960 tatio
426 3920 467 3961 eat
477 3904 560 3977 Lipaii
572 3916 598 3956 et
608 3900 855 3971 TorrentIIferoea-
899 3916 958 3970 cap.
977 3916 1010 3969 9,
1033 3899 1174 3952 lectionem
1192 3903 1302 3969 asserit,
1322 3921 1406 3974 quam

348 3989 382 4052 ti,
393 3984 569 4057 tautologiam
581 3983 661 4034 etiam
672 3981 776 4032 auctori
787 3980 852 4032 iufe-
896 3977 978 4032 habet
989 3981 1180 4046 Memmium,
1192 3997 1304 4048 nauseo,
1318 4001 1404 4053 quum

347 4083 408 4120 rent
419 4085 469 4139 pro
481 4065 612 4118 tantautis
625 4062 687 4112 aaut
699 4057 849 4112 commoda.
896 4057 940 4112 alii
950 4058 1015 4112 deut
1025 4075 1114 4111 utam.
1129 4060 1279 4126 Iliacum,
1291 4063 1406 4130 προτιμί.

382 4147 407 4200 5.
422 4148 647 4219 σαφοπωηιᾳιιες
658 4151 771 4192 tensam.
782 4137 850 4192 Vide
895 4141 1076 4210 etormdtque
1085 4140 1123 4191 ita
1132 4153 1252 4192 suaserat
1258 4144 1314 4212 jam
1324 4143 1402 4215 Llpt.

345 4229 408 4280 Cres.
425 4227 467 4298 76.
485 4224 602 4278 Omnino
613 4220 648 4278 da
663 4237 713 4274 usu
728 4219 849 4290 carpenti
895 4217 928 4270 od
938 4217 1022 4270 Tacit.
1034 4215 1129 4269 rinnel.
1143 4218 1199 4282 XV,
1211 4217 1254 4289 67.
