3068 5144
550 573 708 642 rinus.
753 575 756 581 ·
1091 583 1154 672 ³67

104 704 255 771 minibus
275 707 414 785 amisso,
435 702 610 797 alteroque
629 704 804 784 inscenso,
826 701 924 796 cujus
942 721 1055 772 rector
1071 707 1159 775 circa

105 826 164 883 se⁹
178 815 343 884 dimicans
357 814 572 882 occubuerat.

149 945 190 1008 V.
209 941 318 1009 Galba
329 964 409 1008 mox
420 955 554 1008 tenente
566 938 840 1032 Rempublicam,
852 942 977 1010 missus
992 943 1035 1012 ad
1047 959 1160 1038 grem-

102 1049 287 1135 landum1,
311 1073 446 1146 quaque
472 1052 553 1130 iret,
577 1052 742 1116 convertit
762 1048 936 1134 homines,
958 1057 1054 1146 quasi
1078 1055 1158 1122 ado-

101 1162 229 1252 ptionis
243 1163 349 1252 gratia
359 1176 594 1227 arcesseremr.
611 1157 673 1226 Sed
686 1158 745 1226 ubi
757 1159 886 1228 turbari
902 1185 1020 1230 rursus
1036 1181 1158 1234 cuncta
1176 1232 1179 1238 ,

101 1277 210 1342 sensit
222 1283 250 1358 ¹,
266 1273 364 1341 rediit
377 1299 419 1342 ex
432 1269 589 1340 itinere³:
605 1271 763 1368 aditoque
778 1272 913 1365 Paphiae
926 1278 1067 1344 Veneris
1081 1301 1157 1344 ora-

101 1386 180 1454 culo
189 1385 222 1469 ⁴,
237 1384 320 1454 dum
331 1386 373 1455 de
385 1387 597 1479 navigatione
610 1383 773 1465 consulit,
787 1387 887 1451 etiam
899 1383 941 1454 de
953 1388 1083 1479 imperii
1097 1412 1157 1480 spe
1244 1381 1255 1390 ’

100 1497 323 1566 confirmatus
332 1513 392 1565 est.
403 1495 507 1590 Cujus
515 1496 609 1564 brevi
618 1495 785 1587 compos⁵,
797 1494 881 1563 etad
891 1497 1156 1589 perdomandam

99 1611 116 1673 J
121 1605 259 1674 udaeam
272 1606 407 1674 relictus
417 1603 448 1690 ⁶,
463 1606 644 1673 novissime
658 1604 972 1696 Hierosolymorum
984 1630 1157 1702 oppugne-

99 1719 212 1800 tione,
233 1721 297 1785 Xll
321 1725 612 1810 propugnatores⁷
634 1713 771 1782 totidem
796 1717 992 1807 sagittarum
1014 1719 1156 1788 confecit

133 1989 161 2041 9.
173 1973 248 2025 Circa
259 1991 294 2026 se.
305 1974 362 2023 Hoc
372 1973 473 2042 recepit
481 1969 605 2026 Oudend.
652 1968 780 2040 templum
789 1969 894 2041 Paphie
901 1960 1024 2038 Veneris,
1034 1971 1154 2026 inclitum

98 2051 307 2117 eblemmiam,
323 2067 374 2120 pro
389 2061 480 2102 contra
491 2067 525 2101 se.
538 2049 606 2098 Puto
650 2066 699 2119 per
712 2047 851 2119 indigenas
868 2048 1068 2121 advenasque.»
1087 2053 1152 2125 Cap.

98 2145 205 2196 tamen,
216 2149 298 2200 quum
309 2129 342 2181 de
351 2147 406 2181 uno
416 2147 502 2180 sermo
511 2129 558 2192 sit,
570 2147 607 2181 es·
651 2127 683 2194 ‘l‘
701 2130 812 2196 «Titus,
824 2143 943 2201 spectatu
955 2131 1091 2202 opulentia
1103 2132 1154 2186 do·

23 2204 26 2209 ⁵
98 2229 125 2262 se
138 2209 268 2261 debuisse
271 2211 350 2280 juxta
363 2225 397 2259 se.
408 2208 505 2259 Nescio
517 2207 605 2276 igitur,
650 2211 744 2280 nisque
759 2228 867 2279 regum,
882 2210 1153 2282 quaequealialaetum
1217 2201 1222 2210 ⁷

99 2307 131 2341 an
146 2291 238 2341 verius
252 2299 342 2340 contra
356 2306 390 2339 se.
483 2326 486 2332 .
573 2301 576 2310 “
651 2289 852 2359 antiquitatibus
861 2288 1010 2342 Graecorum
1020 2311 1104 2362 genus
1116 2295 1153 2345 in·

132 2369 168 2418 V.
180 2362 603 2438 1.Missuscd9rctulandum,etc.
649 2382 727 2420 certae
738 2370 863 2421 vetustati
875 2369 990 2442 affingit,
1002 2372 1034 2422 de
1044 2371 1153 2445 naviqu-

96 2449 187 2500 Tacit.
209 2449 276 2498 Hist.
294 2447 331 2512 ΙΙ,
351 2463 374 2510 r,
393 2444 490 2495 «Titus
503 2443 604 2513 Vespa·
649 2447 719 2499 tione
731 2449 845 2518 primum
859 2447 996 2500 consuluit.
1009 2451 1151 2522 Postquam

1 2545 2 2548 ’
98 2529 190 2580 sianus
210 2544 224 2577 e
243 2524 350 2590 ledaea,
371 2521 498 2575 incolumi
516 2519 603 2574 odlruc
647 2527 731 2599 pandi
741 2528 811 2580 vium
826 2540 852 2580 et
864 2545 936 2579 marc
944 2546 1096 2600 promerem
1108 2549 1151 2582 ac.

1 2649 2 2652 ,
96 2605 604 2676 Galba,missusnputre,cnusumpro-
649 2607 1150 2682 cepit,deseperumbuqesiuterropat,
1243 2647 1257 2678 Ι,

97 2687 225 2740 lectionis
241 2685 359 2736 cilicium
375 2701 437 2752 erga
455 2683 602 2753 Principem
648 2687 720 2736 cusis
734 2684 917 2756 compluribus
931 2684 1032 2737 hostiis.
1048 2688 1151 2739 Sostra-

97 2769 121 2820 ὀί
132 2779 266 2819 maturam
276 2764 395 2838 petendis
405 2763 554 2815 honoribus
562 2765 604 2833 ju·
648 2774 691 2814 tus
702 2761 861 2833 (sacerdotis
876 2762 904 2815 id
915 2781 1012 2816 nomeu
1022 2765 1094 2838 erat)
1104 2765 1151 2819 ubi

97 2859 203 2899 ventam
217 2846 326 2898 ferebat.
337 2843 389 2896 Sed
400 2843 494 2913 vulgus
506 2842 604 2914 lingen-
647 2840 705 2894 leste
712 2855 737 2894 et
743 2845 916 2911 congruentia
923 2855 990 2908 exta,
998 2846 1151 2916 magnisque

96 2926 124 2979 di
137 2926 246 2978 avidum
262 2923 433 2996 disperserat,
448 2923 561 2974 accitum
575 2925 603 2974 in
648 2919 776 2992 consultis
797 2939 914 2972 annuere
934 2920 1038 2990 Deam,
1060 2921 1150 2990 ridet,

1 3011 2 3018 ’
96 2993 301 3079 adoptionem}
311 3005 353 3055 cf.
361 3001 472 3074 loseph.
484 3003 511 3052 Β.
523 3004 545 3053 J.
558 3003 602 3068 tv,
646 3018 732 3071 pauca
742 3003 769 3052 in
784 3017 901 3071 presens
913 3013 940 3051 et
949 2999 1028 3052 sulita
1038 3019 1150 3072 respou-

1 3097 2 3100 ’
96 3104 127 3156 9,
141 3103 173 3148 ²3
185 3083 287 3154 Xipbil.
299 3083 379 3146 LXV,
391 3082 416 3134 8.
647 3079 726 3145 dens,
735 3081 820 3150 petito
831 3089 946 3144 secreto,
955 3079 1044 3131 lutura
1052 3081 1146 3151 aperit.

132 3183 157 3217 2.
174 3163 227 3216 Sed
239 3163 283 3214 uti
294 3160 428 3214 turbari...
441 3168 532 3211 cuncta
545 3176 602 3210 sen·
645 3159 821 3225 Titus‚aucto
830 3157 931 3222 enimn,
942 3156 974 3207 ad
983 3169 1086 3228 patrem
1093 3177 1149 3230 per·

95 3246 141 3308 sit,
166 3255 218 3294 cte.
239 3242 325 3293 Tacit.
347 3239 366 3290 l.
390 3257 413 3290 c.
440 3237 599 3301 :Corintbi‚
645 3249 748 3302 vectus,
766 3237 899 3304 suspensis
913 3237 1109 3306 provinciarum
1123 3253 1150 3291 et

95 3323 204 3376 Acbaiae
213 3321 295 3386 urbe,
308 3325 393 3371 certos·
406 3320 518 3369 nuncios
530 3335 602 3370 acce·
646 3319 807 3369 exercituum
828 3316 976 3385 mentibus,
995 3319 1088 3390 ingens
1106 3337 1149 3373 re·

97 3401 135 3471 pit
148 3399 183 3452 de
196 3399 304 3451 interitu
318 3395 461 3462 Gelbae‚et
474 3394 601 3463 ederant,
646 3415 705 3448 rum
717 3395 811 3447 fiducie
828 3397 970 3448 accessit·
1028 3401 1032 3414 '

97 3482 143 3550 qui
158 3497 233 3530 arma
244 3475 344 3529 Vitellii
357 3473 511 3546 bellumque
528 3474 601 3526 affir-
681 3475 706 3528 5.
727 3477 803 3548 biq’us
816 3473 886 3526 brevi
898 3493 1017 3547 compos·
1030 3493 1085 3527 nou
1097 3479 1149 3529 im-

96 3571 234 3610 merens.»
643 3553 1148 3629 perii‚sedspei,evectoadimperium

131 3638 158 3689 3.
177 3636 266 3688 Rediit
277 3651 310 3686 ex
322 3634 420 3686 itinere.
436 3632 478 3683 ef.
490 3631 599 3703 loseph.
645 3646 728 3706 patre.
737 3638 825 3687 Vanae
832 3635 967 3686 Ernestius
976 3647 1064 3687 movet
1071 3635 1149 3689 dubi-

97 3715 115 3766 l.
135 3732 160 3766 c.
179 3716 266 3768 Tacit.
288 3715 327 3780 ΙΙ,
348 3730 383 3764 22
405 3713 509 3782 «Igitur
526 3729 601 3761 oram
645 3715 767 3766 tationes.

97 3793 203 3846 Aclraiae
212 3794 329 3858 stulcius,
340 3790 527 3843 sclevumaris
535 3807 601 3861 pru·
680 3793 707 3845 6.
724 3794 760 3844 Et
769 3792 804 3844 ad
812 3792 1017 3863 perdomandum
1025 3795 1147 3847 Judoeum

96 3887 202 3940 rectus,
218 3869 341 3923 ilbodum
357 3883 383 3922 et
396 3871 513 3942 Cyprum
525 3872 601 3922 insu·-
645 3873 755 3925 relicuas.
768 3873 810 3924 Cf.
823 3872 934 3945 loseph.
946 3875 990 3941 IV,
1007 3891 1046 3939 rr,
1060 3875 1084 3927 5.
1097 3878 1147 3928 Ta·

97 3953 135 4006 las
146 3993 155 4020 ‚
177 3952 238 4004 inde
259 3953 378 4023 Syriam,
402 3947 600 4002 audentioribus
645 3953 690 4005 cit-
702 3953 768 4003 llist.
777 3951 814 4017 11,
825 3949 873 4017 82,
884 3953 991 4002 «Titum
999 3953 1146 4006 instare-lu·

98 4037 189 4106 spatiis
203 4032 343 4104 petebat.»
644 4031 720 4097 daeae,
733 4032 926 4100 Vespasianum
941 4029 1061 4083 obtinere
1073 4031 1145 4085 clau·

132 4113 159 4180 4.
170 4113 299 4184 Aditoque
309 4109 419 4182 Paphie
430 4108 535 4162 Veneris
543 4125 600 4160 oru-
644 4122 698 4162 stru
713 4109 818 4182 AEgypti
830 4109 939 4179 placuit.
950 4132 961 4156 i

97 4193 171 4260 culo,
184 4207 234 4246 etc.
244 4193 331 4244 Tacit.
346 4194 453 4260 eritque
468 4188 541 4241 illum
554 4205 599 4240 cu·
679 4207 704 4260 7.
724 4189 783 4241 XII
797 4199 1013 4262 propuqnatom‚
1033 4201 1084 4240 etc.
1103 4191 1143 4244 cf.

96 4273 163 4345 pido
183 4275 289 4327 incessit
310 4271 424 4326 adeundi
444 4269 598 4342 visendique
643 4267 752 4340 loseph.
764 4268 798 4332 V,
812 4267 843 4332 6,
857 4267 888 4328 6;
903 4265 1013 4337 Eutrop.
1025 4267 1086 4335 Vll,
1103 4270 1144 4335 14.
