3054 5152
482 493 734 562 CLAUDIUS.
1066 499 1127 564 123

93 629 332 692 Germanorum
345 619 462 713 legatis
471 619 494 657 ¹⁵
512 622 545 686 in
560 619 732 688 orchestra
744 616 860 688 sedere
871 622 1038 713 permisit,
1052 624 1130 690 sim-

93 735 231 827 plicitate
249 756 373 803 eorum
390 747 424 800 et
439 728 561 800 fiducia
576 746 709 814 motus,
728 730 819 824 qnod
832 734 868 798 in
884 731 1060 824 popularia
1073 731 1130 800 de·

92 844 225 928 dueti¹⁶,
254 869 364 940 quum
389 841 703 914 animadvertissent
731 842 870 934 Parthos
897 860 930 912 et
956 847 1130 912 Armenios

92 955 242 1029 sedentes
263 961 300 1026 in
321 959 464 1039 Senatu,
483 953 526 1024 ad
545 955 663 1023 eadem
681 953 757 1022 loca
774 970 893 1046 sponte
912 958 1130 1038 transierant,

93 1067 188 1136 nihilo
199 1067 403 1138 deteriorem
415 1068 573 1136 virtutem
586 1081 646 1134 ant
660 1065 886 1138 conditionem
902 1091 998 1136 suam
1013 1066 1131 1160 praedi-

92 1193 209 1249 notes.
223 1176 432 1248 Druidarum
443 1175 639 1268 religionem
648 1175 739 1270 apud
751 1175 881 1261 Gallos,
894 1175 976 1246 dirae
985 1178 1133 1246 immani-

93 1293 177 1372 tatis,
190 1307 227 1358 et
238 1305 372 1358 tautum
383 1287 510 1356 civibus
523 1287 587 1356 sub
599 1293 748 1382 Angusto
761 1288 986 1371 interdictam,
998 1291 1131 1381 penitus

16 1451 17 1498 ι
93 1398 278 1468 abolevit¹⁷.
298 1405 422 1468 Contra
441 1421 536 1468 sacru
556 1397 756 1469 Eleusinia¹⁸
775 1401 876 1466 etiam
894 1398 1075 1468 transferre
1091 1422 1132 1464 ex

16 1505 18 1550 ²
93 1515 194 1580 Attica
203 1517 350 1582 Romam
359 1525 500 1581 cononis
509 1526 575 1594 est,
589 1509 820 1606 templumque
829 1513 865 1578 in
875 1509 984 1580 Sicilia
992 1512 1133 1578 Veneris

16 1775 17 1808 ι
94 1739 215 1808 Cltreeto,
230 1741 309 1810 eujus
327 1739 590 1796 mentiooemssueto-
673 1738 1133 1812 16.1npopulariudedueti,·eedee

16 1835 17 1856 l
95 1821 145 1870 nius
161 1819 242 1882 lauit,
258 1817 340 1886 Quod
351 1816 395 1869 ille
406 1836 460 1869 uon
472 1820 505 1870 sit
516 1816 591 1870 Chri·
633 1820 735 1892 populo
748 1818 899 1872 destinatas.
913 1849 948 1859 —
960 1818 1054 1874 Nihilo
1066 1821 1132 1872 dete·

16 1881 18 1930 l
95 1911 159 1960 rtur,
174 1895 269 1948 mundi
281 1897 411 1960 salrator3
427 1895 488 1949 coll.
500 1901 589 1968 Aprer.
634 1897 726 1950 riorum
741 1899 890 1950 uirtutem...
906 1915 980 1951 tuom
990 1900 1134 1971 proedienn-

93 1977 122 2030 td
134 1975 285 2030 Blaebrell.
295 1975 329 2029 de
345 1978 495 2030 Praestantie
506 1976 589 2030 Clare.
634 1986 678 2028 rer.
690 1978 773 2030 Tacit
785 1977 838 2030 loe.
848 1979 892 2030 eit.
908 1977 1023 2030 «Nullos
1035 1991 1134 2030 morta-

16 2105 18 2122 ,
94 2060 252 2123 ductorum,
266 2075 328 2132 pag.
345 2059 401 2128 139.
416 2056 488 2110 Nihil
503 2056 590 2111 audeo
635 2055 698 2110 lium
707 2060 786 2110 armis
799 2069 844 2110 aut
855 2055 907 2110 lide
915 2071 976 2110 ante
989 2057 1136 2110 Germanos

93 2134 196 2190 delinire
208 2138 236 2189 in
248 2151 321 2188 tanto
332 2135 460 2190 dissensu.
470 2137 500 2190 ld
510 2135 590 2188 modo
635 2153 706 2199 esse,
719 2136 880 2203 exclamant,
891 2135 1135 2208 degrediunturque

16 2251 17 2258 ι
95 2213 202 2286 adjicio,
218 2216 387 2280 Suetonium,
406 2217 428 2267 ei
446 2213 479 2268 de
498 2217 590 2286 ignoto
635 2227 661 2268 et
675 2217 745 2268 inter
757 2218 846 2268 Patres
859 2215 1016 2281 considunt,
1031 2229 1104 2268 etc.-

96 2293 196 2346 lromine
216 2311 366 2347 termonem
385 2295 504 2361 fecisset,
520 2293 591 2347 haud
674 2310 712 2365 17.
728 2296 888 2348 Dmidurum
901 2295 1079 2368 mliqionem...
1090 2315 1134 2368 pe·

95 2374 169 2426 dubie
183 2377 346 2446 scripturum
359 2375 440 2430 luisse
454 2374 592 2447 impulsore
637 2372 829 2428 nitueabolevit.
839 2373 903 2434 Plio.
912 2375 1137 2440 HietNttXXX,

15 2519 16 2524 Ἰ
98 2454 194 2512 (lmen
215 2454 331 2526 quodum
337 2491 347 2519 ,
364 2473 452 2526 neque
470 2468 593 2526 argutari·
640 2451 727 2524 1(4)=
743 2453 862 2506 «Tiberii
878 2455 987 2508 Castris
1002 2455 1137 2525 priucipa-

96 2533 153 2586 durn
171 2537 199 2586 in
215 2553 276 2586 roe.
297 2533 450 2606 impulsore,
467 2532 540 2608 quod
558 2535 593 2586 de
638 2545 678 2584 tue
695 2531 801 2583 sustulit
814 2530 928 2584 Druidas
944 2531 1095 2598 Gallorum,
1111 2545 1139 2586 et

98 2631 219 2685 prasente
230 2630 334 2668 tantum
347 2616 400 2669 diui
412 2615 591 2679 contendunt,
637 2609 689 2662 hoc
698 2629 781 2680 genus
790 2623 880 2662 valum
889 2609 1114 2683 ineditorumque.
1123 2636 1134 2658 ι

99 2713 143 2763 ego
162 2693 196 2748 de
219 2697 314 2766 quovis
332 2707 454 2762 auctore,
475 2697 521 2768 qui
541 2697 594 2766 pri·
636 2691 684 2747 Vel
702 2709 775 2744 error
791 2691 942 2744 alterutrius
961 2693 1096 2762 scriptoria
1110 2691 1137 2744 in

99 2791 161 2824 marn
173 2775 344 2830 occuiouem
363 2773 501 2840 reddedit,
520 2773 594 2826 adhi-
638 2769 716 2822 simili
733 2769 848 2823 duorum
866 2771 997 2824 (lasarum
1014 2773 1139 2838 nomine,

15 2895 16 2900 ,
99 2849 149 2902 beri
173 2869 254 2921 posse
278 2853 411 2917 existimo,
431 2853 487 2919 vel,
509 2854 532 2906 ai
553 2849 594 2910 vel
638 2847 679 2902 vel
696 2848 787 2920 lapsus
805 2848 904 2902 librarii
923 2846 996 2919 apud
1009 2847 1138 2912 Plinium,

100 2930 204 2980 maxime
222 2928 328 2988 admitti
342 2928 395 2982 hoo
411 2943 538 3002 nequeat,
555 2949 596 2983 er·
639 2925 832 2998 legendumque
851 2927 949 2980 Tiberii
967 2925 1082 2990 Claudii,
1097 2923 1139 2976 vel

15 3065 16 3088 Χ
100 3025 179 3060 rorem
187 3009 268 3062 etiem
278 3012 394 3066 auctoris
404 3011 431 3062 in
443 3011 596 3080 peregriua,
642 3003 1139 3074 TiberiiClaudiiCoemnivideturLips.

15 3143 16 3148 .
102 3099 128 3138 ut
141 3087 597 3160 putabant‚auperttitipue,rerius
641 3082 1140 3150 adTacit.Auual.Xll,la,Tiberiunr
1198 3141 1200 3148 y

102 3165 201 3220 demum
227 3169 381 3230 accuratior
409 3171 530 3240 cognitu,
561 3167 596 3224 ob
640 3163 878 3228 inUrbetantum,
891 3160 1029 3214 Claudium
1042 3161 1141 3214 inGal-

103 3244 162 3298 alios
178 3245 277 3300 similer
298 3247 326 3298 in
340 3247 448 3317 optimis
462 3247 597 3317 scriptori·
640 3243 744 3313 linipsu
753 3240 822 3294 hauc
832 3241 1046 3313 superstitionem
1055 3253 1141 3292 surtu-

102 3321 147 3374 lrus
161 3322 350 3396 reperiundae,
361 3323 484 3376 facillime
499 3327 597 3396 cogita·
641 3320 701 3373 lisse
716 3335 801 3392 putat.
814 3321 949 3386 Ceterum,
964 3339 1045 3391 quum
1058 3323 1142 3374 seriae

15 3411 16 3416 ’
102 3405 261 3472 animet.
274 3405 345 3475 lips.
360 3402 396 3456 ad
405 3405 489 3461 Tacit.
499 3404 596 3459 Annei.
642 3398 747 3466 adhuc,
760 3413 791 3450 ut
804 3400 887 3452 Tacit.
901 3398 996 3452 annal.
1010 3399 1079 3466 XlV,
1091 3401 1144 3465 30,

103 3483 208 3550 xlm.
642 3493 667 3532 et
681 3477 815 3549 Lamprid.
830 3477 904 3531 Alex.
918 3479 968 3542 60,
982 3477 1142 3532 Druidarum

139 3563 175 3614 rs.
202 3564 393 3619 Gemmarum
416 3562 524 3638 lupatis,
547 3576 597 3619 ete.
642 3559 689 3612 liat
700 3558 816 3623 mentio,
830 3555 933 3614 Claudii
947 3556 1064 3610 edictum
1076 3558 1144 3609 elle-

105 3642 210 3694 lieronit
219 3656 341 3714 tempore
351 3644 449 3699 loetum
458 3663 520 3698 nuo.
533 3646 599 3708 81²,
643 3639 813 3704 ctuuaruisse
823 3650 932 3708 putant,
943 3651 969 3690 et
978 3655 1042 3692 sane
1052 3655 1144 3709 eupor-

106 3735 186 3774 uarret
196 3722 283 3776 Tacit.
300 3721 396 3774 Auual.
412 3723 484 3790 Xlll,
497 3723 544 3791 54,
556 3723 600 3777 oui
643 3719 763 3782 stitiones
781 3715 860 3772 nullis
879 3716 954 3770 facile
970 3714 1062 3768 edictis
1080 3715 1144 3768 abo·

105 3804 183 3870 major
197 3801 282 3867 fides,
296 3815 326 3856 ut
340 3820 372 3854 et
386 3802 507 3854 instituto
522 3801 599 3854 addi·
643 3797 739 3850 lentur.
757 3798 796 3850 De
812 3798 972 3851 Druidarum
993 3798 1099 3850 nomine
1119 3807 1145 3847 et

106 3891 179 3950 toque
191 3894 217 3934 et
228 3899 300 3934 anno
312 3894 339 3934 et
351 3881 491 3938 occasione
502 3879 554 3932 hac
565 3878 600 3935 de
644 3878 771 3948 religione
785 3875 846 3930 vide
860 3877 975 3949 plurima
989 3889 1116 3946 congesta
1130 3894 1146 3928 a
1158 3919 1161 3928 .

108 3975 134 4008 re
145 3961 293 4029 exponenti.
307 3961 398 4030 legati
413 3972 487 4014 eram
500 3961 598 4014 Fritio-
643 3957 787 4011 Trauhuclr.
802 3956 836 4009 ad
848 3955 910 4012 lllel.
920 3958 971 4022 lll,
983 3973 1015 4020 a,
1029 3957 1055 4008 3.

108 4055 159 4086 mm
170 4039 285 4094 Venitne
295 4038 460 4104 etlllalorix,
473 4042 539 4111 equi
551 4059 599 4094 na·
685 4039 724 4092 18.
745 4039 823 4090 Sacra
843 4035 988 4090 Eleruinia.
1003 4033 1069 4086 Vide
1086 4032 1144 4086 Sal-

107 4118 196 4172 tioueur
205 4138 264 4175 earu
274 4119 416 4189 repebant,
427 4122 455 4176 iu
468 4135 598 4190 quantum
644 4137 708 4172 mas.
721 4119 754 4170 ad
764 4117 893 4188 Spartinr.
907 4115 1014 4167 Adrion.
1033 4133 1090 4184 unp.
1101 4129 1143 4164 ιι.

15 4203 17 4246 !
107 4194 221 4250 Germani
233 4212 408 4268 regnamur.»
643 4201 741 4253 Contra
760 4197 900 4264 eumdem,
922 4214 996 4250 sacro
1020 4191 1146 4248 Blemina
