3066 5148
495 531 765 626 cumeum.
1120 563 1161 624 25

2 731 3 736 κ
114 687 267 766 naribus,
285 702 322 752 et
332 683 454 754 ordine
464 683 592 777 duplici
603 684 646 751 ad
658 683 799 752 ancoras
810 683 996 770 collocatis,
1012 684 1163 778 superje-

115 815 231 890 ctoque
244 819 371 886 aggere
383 812 533 875 terreno,
550 818 591 860 ac
606 791 734 861 directo
749 797 785 860 in
801 797 917 886 Appiae
933 797 995 864 viae
1008 795 1161 863 formam.

115 913 173 974 Per
191 905 287 974 hunc
307 923 449 999 pontem
469 904 560 973 ultro
585 907 668 973 citro
691 909 910 989 commeavit,
935 904 1046 974 biduo
1062 909 1165 975 conti-

115 1020 220 1100 nenti3
230 1019 343 1110 primo
358 1016 413 1084 die
425 1014 599 1108 phalerato
611 1038 716 1109 equo,
729 1017 937 1109 insignisque
948 1040 1098 1110 qucrnea
1112 1041 1165 1084 co-

114 1154 211 1212 rona,
227 1145 262 1196 et
275 1137 395 1197 caetra²
407 1180 416 1210 ,
429 1145 463 1195 et
474 1125 601 1220 gladic,
613 1151 783 1221 aureaque
797 1125 991 1220 chlamyde3
1005 1125 1165 1219 postridie

114 1234 1166 1336 qrradrigariobabitu³,cnrriculoquebijugiffimosorumequo

114 1350 227 1434 rami,
240 1375 311 1444 prae
326 1375 363 1418 se
376 1351 487 1418 ferens
502 1353 643 1417 Darium
654 1371 798 1441 puerum
811 1373 853 1416 ex
866 1348 1067 1416 Parthorum
1080 1347 1166 1416 obsi·

114 1462 232 1546 dibus;
256 1465 437 1532 comitante
455 1463 737 1555 praetorianortun
754 1462 905 1552 agmine,
922 1462 1005 1527 etin
1021 1458 1165 1530 ⁵essedis

117 1572 256 1641 cohorte
270 1575 468 1640 amicorum.
482 1574 575 1654 Scio,
594 1567 776 1663 plerosque
793 1573 1016 1652 existimasse,
1031 1569 1133 1638 talem
1147 1595 1167 1636 a

115 1687 193 1752 Caio
213 1701 355 1777 pontem
378 1685 603 1774 excogitatum
623 1679 837 1748 aemulatione
858 1683 993 1762 Xerxis,
1018 1683 1076 1775 qui
1097 1705 1167 1748 non

117 1797 188 1862 sine
213 1792 436 1862 admiratione
458 1793 633 1888 aliquanto
658 1794 887 1885 angustiorem
910 1791 1168 1884 Hellespontum

117 1903 402 1990 contabulaverit3
415 1905 515 1986 elice,
533 1921 571 1971 ut
583 1905 797 1970 Germaniam
814 1919 847 1970 et
863 1904 1081 1983 Britanniam,
1094 1905 1169 1996 qui-

119 2017 181 2085 bus
200 2016 414 2098 imminebat,
429 2013 570 2109 alicujus
587 2015 743 2080 immensi
761 2017 872 2107 operis
888 2015 976 2082 fama
992 2014 1167 2080 territaret.

120 2129 182 2200 Sed
204 2154 309 2197 avum
334 2154 450 2197 meum
475 2140 669 2195 nauantem
697 2149 783 2217 puer
809 2123 1002 2205 audiebam,
1034 2146 1170 2190 causam

122 2241 230 2332 operis
242 2238 287 2305 ab
299 2237 514 2308 interioribus
529 2234 646 2303 aulicis
659 2232 843 2326 proditam,
863 2231 955 2328 quod
971 2231 1170 2325 Thrasyllus

120 2437 271 2510 pmuuvit,
285 2450 316 2488 ut
329 2455 422 2490 seusus
435 2437 470 2489 sit
485 2458 491 2487 =
508 2435 586 2489 Baias
599 2442 625 2486 et
705 2449 731 2483 a.
753 2432 918 2504 Iusiqnisque
932 2447 1044 2502 quemea
1059 2445 1170 2494 corona,

122 2515 283 2569 Puteolanos
301 2514 391 2582 moles,
409 2534 490 2586 super
508 2513 626 2568 medium
670 2522 696 2564 et
715 2521 800 2563 cetra.
824 2510 953 2563 Dedimus
973 2527 1086 2582 qucrnea
1110 2525 1171 2560 cum

122 2593 290 2648 intervallum
304 2607 385 2668 ponte
399 2606 496 2663 struto,
515 2597 627 2667 conjun-
669 2591 771 2642 Ernest.
793 2603 818 2642 et
834 2589 1012 2660 Oudendorp.
1031 2607 1082 2660 pro
1096 2605 1173 2661 quer·

123 2676 168 2728 xit.
182 2675 212 2728 ld
225 2695 292 2730 sane
304 2694 411 2741 rerum,
424 2677 566 2749 scriptores
578 2694 626 2728 sse·
670 2669 734 2721 oica.
757 2672 850 2722 Postea
870 2682 979 2721 auctore
1000 2666 1093 2720 eodem
1114 2666 1173 2718 Ou-

124 2758 180 2827 pius
189 2757 280 2808 minus
290 2769 414 2809 accurate
425 2754 626 2822 scribere,durn
670 2748 800 2822 dendorp.
814 2751 952 2802 omisimus
965 2748 1044 2800 verba
1058 2761 1083 2802 et
1093 2747 1174 2801 mouri

122 2835 242 2886 brevitati
254 2835 333 2886 nimis
345 2833 476 2886 studeant.
489 2833 626 2900 Ceterum,
670 2843 732 2882 ante
743 2843 768 2884 et
780 2841 864 2882 cena.
883 2833 985 2883 Desunt
996 2829 1106 2881 enimin
1117 2827 1174 2900 ple·

123 2933 189 2986 opus
200 2913 330 2966 describit
347 2916 411 2978 Dic,
427 2915 501 2981 LIX,
518 2931 566 2986 17,
580 2915 626 2986 qui
669 2909 758 2981 risque
782 2909 869 2962 Godd.
893 2922 951 2960 orta
968 2906 1041 2960 baud
1059 2908 1140 2961 dubie
1159 2927 1174 2960 e

123 2997 190 3048 mter
209 2993 309 3046 Baulm
329 3007 356 3045 et
375 2994 517 3062 Puteolos,
538 2998 624 3067 spatio
670 2990 762 3040 vitiosa
777 2992 903 3061 scriptura
913 2991 986 3041 roais
997 2989 1122 3040 coenavel
1132 3005 1175 3040 ce-

124 3076 206 3126 xxv}
222 3072 386 3139 stadiorum,
402 3075 419 3124 i.
433 3093 457 3126 e.
471 3076 551 3126 trium
566 3073 624 3126 mil·
671 3080 724 3134 tra,
734 3067 1176 3141 cuiquisnotiusvoeabulumsub·

124 3153 186 3204 lium
199 3165 226 3204 et
238 3151 294 3204 600
305 3152 360 3203 fere
373 3169 501 3222 passuum
514 3165 625 3222 pontem
670 3150 771 3210 stituit;
788 3163 913 3219 preterea
927 3149 1021 3201 seruus
1035 3161 1062 3199 et
1072 3146 1175 3220 pladite

124 3251 179 3285 esse
191 3232 294 3283 facturn
305 3243 430 3295 testatur,
440 3227 589 3296 μηιξῦτὸν
599 3249 625 3282 τι
670 3223 744 3278 haud
760 3226 830 3278 bene
845 3229 873 3278 in
890 3227 985 3278 eodem
997 3227 1176 3292 conveniunt,

124 3307 258 3362 amsani
272 3307 313 3360 ul
322 3310 368 3362 ruis
378 3305 480 3362 Batitas·
491 3308 571 3362 Bauli
580 3328 626 3362 au·
671 3325 759 3377 neque
771 3319 933 3359 memoratur
942 3307 1038 3360 securis
1050 3325 1064 3358 a
1078 3307 1174 3359 Dione.

124 3402 175 3442 teau
183 3428 193 3456 ,
201 3389 325 3440 ntTacit.
335 3386 432 3440 Annal.
443 3390 511 3454 xlv,
522 3388 552 3454 4,
563 3387 627 3440 avil·
707 3386 734 3441 3.
746 3386 919 3462 Quadriyurio
929 3387 1025 3438 habitu.
1036 3387 1107 3456 Lips.
1119 3405 1177 3438 mu·

125 3467 628 3540 lanomen,quaepromontoriumb1i·
673 3467 738 3518 tavit
747 3467 917 3539 quadriparii.
929 3465 980 3518 Sed
989 3468 1088 3518 Noster
1096 3468 1175 3518 etiam

126 3565 217 3599 oeunm
237 3549 308 3598 inter
328 3561 355 3598 et
375 3547 501 3599 Baianum
524 3547 645 3613 laeum,·
673 3565 732 3616 cap.
743 3564 760 3616 9
770 3545 876 3599 dicebat
887 3544 1066 3618 manipulario
1076 3545 1176 3598 babitu.

125 3625 191 3678 llexo
211 3625 281 3676 mari
302 3624 451 3691 alluitur,»
475 3625 546 3679 unde
568 3629 627 3679 Ou-
656 3649 660 3660 ¹
709 3627 735 3693 4.
756 3624 1004 3697 curriculoque...
1012 3625 1177 3697 famosorum

126 3703 256 3774 dendorp.
264 3703 301 3754 ob
310 3704 416 3758 brevius
426 3710 555 3778 spatium,
568 3724 629 3777 pas·
673 3700 815 3779 equorum,
824 3719 874 3757 etc·
885 3708 924 3757 De
934 3704 975 3757 bis
983 3702 1106 3756 omnibus
1116 3706 1177 3771 Dio,

128 3801 202 3837 suum
212 3801 326 3834 numero
336 3803 351 3836 a
363 3783 489 3837 Suetonio
499 3785 563 3837 dato
575 3805 629 3837 ma·
673 3783 725 3835 lor.
740 3785 784 3835 cit.
800 3783 970 3835 Recentiores
982 3785 1123 3852 scriptores
1130 3781 1177 3854 fu-

127 3861 500 3932 gisconveniensdlaulonsm
508 3863 629 3916 hocloco
674 3881 775 3915 mosum
801 3881 851 3934 pro
873 3862 967 3916 celebri
986 3864 1014 3913 in
1037 3875 1177 3934 utramque

129 3955 217 3994 nostro
228 3941 331 4008 mallet,
342 3962 393 4014 pro
404 3944 537 3996 Baiarum.
552 3943 628 3996 Conf.
676 3955 779 4013 partem
794 3941 899 4007 dicere,
915 3956 1017 3994 veteres
1028 3942 1070 3993 vix
1086 3939 1177 4004 aliter,

130 4019 234 4094 loseph.
245 4021 321 4088 XtX,
335 4038 404 4074 1.-
412 4023 512 4095 Aqqm
522 4035 630 4076 temno.
676 4040 755 4094 quam
763 4019 893 4072 inmalam
901 4059 910 4088 ‚
919 4021 1023 4073 monuit
1033 4017 1132 4094 Duker.
1143 4017 1176 4068 ud

132 4101 168 4154 sl.
180 4115 268 4154 terreo.
283 4100 363 4152 Conl.
376 4101 499 4154 Oudend.
512 4103 630 4156 adhunc
675 4100 746 4154 Flor.
757 4103 808 4167 lll,
821 4118 850 4170 7,
860 4098 885 4150 6.

133 4182 232 4249 bearn,
246 4181 433 4236 ethscbuclt.
448 4182 482 4235 ad
499 4185 629 4256 Pompon.
712 4181 736 4234 5.
767 4183 801 4232 In
820 4181 977 4251 essedis'pro
996 4181 1023 4230 in
1044 4177 1127 4231 essedo
1146 4195 1177 4228 ex

133 4261 189 4315 llel.
200 4265 226 4328 l,
238 4281 270 4333 9,
284 4262 310 4330 4.
676 4265 762 4315 Dione
776 4262 961 4314 adstruxerunt
975 4258 1045 4314 oud.
1058 4272 1083 4312 et
1093 4257 1198 4345 Wolf¹⁸
