3076 5146
280 574 343 637 DE
364 571 534 637 CLARIS
557 571 769 635 RHETOR.
796 569 950 636 LIBER.
1023 619 1029 637 ,
1078 574 1139 652 441

92 701 217 770 solaris
236 701 375 768 Isaurici
390 715 515 766 sectam
529 713 745 792 sequeretur,
766 696 935 779 «Mallem
954 697 1144 792 respondit,

97 813 265 880 «Isaurici
281 834 355 878 esse
368 806 588 902 discipulum,
605 821 708 902 quam
722 807 833 900 Epidii
849 807 1145 876 calumniatoris.»

93 925 157 990 Hic
171 920 314 1015 Epidius
332 937 444 988 ortum
460 943 497 986 se
514 917 557 987 ab
574 917 693 1011 Epidio
709 925 905 987 Nuucrouo²
924 917 1144 1012 praedicabat:

93 1056 198 1127 quem
210 1033 325 1100 ferunt
335 1030 416 1100 olim
427 1032 674 1123 praecipitatum
684 1032 720 1096 in
731 1029 860 1098 fontem
871 1028 1020 1097 fluminis
1032 1033 1146 1115 Sarni,

92 1141 211 1236 paullo
223 1158 389 1236 postcom
401 1141 560 1209 cornibus
572 1142 749 1224 exstitisse,
762 1163 803 1208 ac
812 1143 924 1208 statim
934 1163 1003 1209 non
1014 1165 1148 1235 compa-

93 1257 224 1337 ruisse,
236 1255 272 1320 in
282 1277 493 1347 numeroque
504 1258 653 1320 Deorum
665 1251 827 1319 habitum.

138 1368 180 1430 V.
206 1366 330 1431 Saxeus
344 1367 505 1446 Cnonrus,
523 1387 542 1430 e
558 1361 681 1444 Sicilia,
698 1363 825 1429 Latinae
841 1361 941 1431 simul
955 1365 1148 1460 Graecaeque

93 1473 299 1568 eloquentiae
311 1473 501 1566 professor,
511 1469 600 1540 male
614 1471 783 1555 oculatus,
795 1488 829 1540 et
841 1471 952 1554 dicax,
973 1497 1061 1566 «par
1072 1497 1149 1542 ocu·

93 1585 226 1654 lorum¹
248 1587 284 1654 in
301 1587 445 1654 amicitia
463 1590 511 1652 M.
530 1587 664 1652 Antonii
679 1587 863 1653 Triumviri
881 1586 1046 1654 exstitisse
1062 1609 1144 1668 se‚s

93 1697 217 1766 aiebat.
233 1696 395 1791 Ejusdem
408 1722 550 1768 uxorem
564 1698 733 1783 Fulviam,
749 1701 804 1766 cui
818 1697 924 1767 altera
935 1697 1043 1767 bucca
1054 1697 1150 1766 infla·

95 1812 161 1877 tior
177 1826 269 1892 erat,
292 1841 306 1870 a
319 1833 461 1878 acumen
483 1809 549 1878 stili
565 1825 742 1878 tentarem
762 1807 861 1892 dixit,
878 1834 942 1877 nec
960 1834 1000 1878 eo
1019 1813 1148 1893 minus,

96 1923 202 1989 immo
214 1920 270 1989 vel
280 1926 404 2012 magis,
417 1921 461 1989 ob
473 1920 539 1989 hoc
550 1923 695 1988 Antonio
707 1937 833 2012 gratus.
848 1927 876 1987 A
890 1945 957 2015 quo
968 1945 1049 1988 mox
1061 1926 1149 1990 Con·

96 2029 169 2098 sule
182 2034 305 2122 ingens
320 2034 419 2098 etiam
434 2033 640 2123 congiarium
652 2035 798 2124 accepit,
812 2047 851 2097 ut
862 2033 892 2096 ei
906 2033 942 2098 in
956 2031 1150 2124 Philippicis

96 2141 237 2226 Cicero³
254 2139 385 2233 objicit:
409 2139 583 2209 «Adhibes
602 2139 669 2235 joci
688 2164 789 2208 causa
801 2135 1009 2232 'magistrum
1026 2141 1149 2208 suffra-

97 2254 151 2343 gio
164 2269 245 2334 nio,
260 2267 294 2317 et
307 2268 542 2344 compotorum
556 2270 712 2331 tuorum,
727 2250 927 2333 Rhetorem3
942 2253 997 2318 cui
1012 2274 1151 2318 conces·

98 2363 185 2444 sisti,
202 2378 260 2444 ut,
275 2363 310 2427 in
326 2386 430 2456 quern
444 2360 576 2444 vellett,
590 2361 734 2429 diceret:
751 2361 877 2430 salsum
892 2365 1030 2429 omnino
1044 2361 1151 2429 homi·

99 2480 195 2542 nem!
209 2474 270 2542 sed
277 2477 416 2542 materia
424 2474 546 2558 facilis,
557 2477 592 2541 in
601 2491 635 2542 te
647 2491 680 2542 et
688 2478 724 2541 in
734 2490 811 2543 tuos
820 2475 962 2543 dicere5.
975 2480 1016 2541 At
1025 2491 1152 2570 quanta
1260 2513 1263 2524 .

99 2609 230 2654 merces
251 2584 390 2653 Rhetori
413 2602 463 2653 est
486 2583 585 2653 data?
606 2583 746 2668 Audite,
769 2583 901 2667 audite,
926 2590 1041 2652 Patres
1062 2588 1151 2651 Con·

99 2698 235 2790 scripti,
250 2712 284 2764 et
296 2699 486 2789 cognoscite
501 2694 705 2790 Reipublicae
721 2696 874 2764 vulnera.
891 2702 966 2764 Duo
979 2694 1086 2763 millia
1095 2692 1152 2788 ju·

99 2831 221 2899 gerum
239 2809 350 2898 campi
370 2809 525 2874 Leontini
545 2809 643 2874 Sexto
665 2805 783 2874 Clodio
803 2806 940 2875 Rhetori
960 2807 1151 2899 assignasti,

134 3039 159 3074 a.
169 3022 325 3076 Nannieno.
335 3021 605 3092 GonjecereNttrsino
687 3040 712 3074 2.
729 3023 850 3076 Acumen
867 3019 922 3074 stili
937 3019 1043 3072 tentare.
1059 3018 1152 3088 Appo-

100 3114 125 3153 et
135 3099 283 3153 Nucerino.
650 3103 700 3153 site
713 3100 746 3152 ad
758 3102 865 3152 Petron.
878 3119 937 3171 cap.
949 3115 999 3169 70,
1011 3109 1040 3148 ut
1051 3113 1153 3148 mucro·

132 3181 165 3233 V.
182 3197 206 3232 ι.
219 3179 434 3248 Paroculorum,
447 3194 497 3234 ete.
509 3182 606 3234 Corru-
649 3199 709 3233 nem
720 3182 757 3233 ad
770 3183 876 3233 buccam
886 3181 1068 3254 probaremus,
1085 3177 1153 3228 cita·

100 3271 177 3329 ptum
191 3257 284 3310 locum
294 3257 417 3330 plerique
426 3258 565 3329 judicent,
579 3274 606 3312 et
649 3262 687 3312 vit
704 3262 871 3312 Burmannus
890 3261 918 3310 in
937 3258 1001 3310 edit.
1022 3273 1075 3308 sec.
1096 3253 1154 3308 hnc

101 3337 176 3389 Statii
183 3335 231 3406 (ad
241 3335 337 3390 Catull.
346 3356 408 3409 pag.
419 3338 481 3410 255)
490 3339 606 3410 probant
649 3340 769 3406 Luciaui,
779 3337 812 3391 de
819 3335 943 3389 Mercede
952 3334 1092 3388 conductis
1099 3330 1153 3403 (ed.

101 3417 294 3469 correctionem
304 3417 405 3469 extrisse
411 3437 460 3489 pro
470 3418 605 3486 exstitisse,
650 3419 755 3490 Bipont.
777 3431 841 3470 tom.
859 3417 912 3482 111,
929 3433 989 3486 pag.
1012 3413 1096 3483 ²¹7l³
1114 3413 1155 3467 eie

101 3492 127 3546 h.
147 3514 171 3547 e.
189 3495 339 3561 extritisse,
359 3493 562 3568 disperdidisse,
577 3512 607 3551 ut
649 3497 748 3565 τριαίνης
761 3493 805 3552 τὶς
820 3491 900 3561 ἀτμὶς
916 3493 945 3551 sic
958 3492 1003 3550 eric
1016 3493 1096 3562 χιῖμς
1110 3507 1155 3544 te-

100 3573 242 3628 hebetatos
251 3572 301 3625 sibi
309 3574 380 3626 dicat
391 3574 484 3628 oculos
495 3577 522 3628 in
535 3593 607 3628 com·
651 3565 714 3643 fiiis,
725 3577 766 3628 sei
775 3575 831 3645 apic
844 3574 885 3628 eir
895 3572 987 3642 mltos
996 3571 1154 3639 resumpsisti

101 3653 286 3725 potationibus
302 3667 328 3706 et
343 3653 455 3707 libidine
473 3674 536 3708 cum
551 3657 607 3708 An·
652 3644 848 3728 internitente.
862 3659 943 3709 Tecto
958 3654 1002 3707 hic
1020 3653 1055 3706 nd
1073 3651 1154 3705 aliurn

102 3735 187 3785 ionio.
206 3733 234 3786 si
251 3732 331 3784 verba
347 3733 418 3786 male
436 3733 556 3788 oculatus
573 3734 607 3788 de
653 3735 742 3788 stilum
753 3737 851 3808 respici
862 3747 962 3786 certum
976 3746 1023 3786 est.

103 3812 607 3884 unctantumoculointelligatur,ornni
687 3817 713 3869 3.
736 3817 771 3869 Ut
788 3817 813 3868 ei
827 3816 855 3867 in
872 3814 1032 3886 Philippicis
1049 3813 1153 3878 Cicero,

104 3895 272 3963 conjecture,
281 3905 364 3961 puto,
373 3909 515 3963 possumus
526 3891 608 3944 absti-
652 3909 702 3948 etc.
716 3895 828 3967 Philipp.
842 3895 880 3962 ΙΙ,
894 3912 934 3964 ¹7·

104 3990 181 4039 nere,
193 3986 220 4024 et
232 3971 326 4025 eodem
339 3990 419 4024 sensu
432 3991 474 4024 res
483 3974 547 4024 erit:
561 3973 607 4025 Ca·
688 3973 713 4040 4.
737 3974 786 4042 Ut,
801 3975 829 4024 in
845 3992 921 4046 quem
934 3970 1029 4037 vellet,
1046 3983 1097 4022 etc.
1109 3970 1154 4022 Ci-

105 4063 166 4122 ptus
179 4050 260 4104 oculo
270 4050 392 4119 Clodius,
404 4049 441 4103 At
451 4053 477 4103 in
490 4053 607 4104 amicitia
652 4072 732 4119 cero,
750 4065 802 4105 sut
818 4055 845 4104 in
862 4063 904 4119 te,
922 4069 982 4124 quoe
996 4048 1091 4114 vellet,
1112 4048 1154 4101 di·

106 4133 237 4205 quondam
244 4132 369 4201 Antonii,
380 4133 480 4201 siebat,
488 4153 607 4206 parecu-
654 4146 734 4184 ceret.
745 4155 756 4181 ι

107 4212 190 4265 iorum
201 4225 228 4265 et
239 4213 292 4283 ipse
302 4215 402 4267 exstiti!
414 4215 496 4266 Tacet
510 4213 545 4267 ad
556 4214 608 4266 hoc
689 4211 714 4264 5.
725 4211 826 4263 Dicere.
840 4211 896 4260 lloc
909 4208 969 4260 loco
980 4221 1007 4259 et
1015 4205 1087 4278 apud
1097 4205 1153 4257 Cic.

107 4293 257 4365 Baumgert.
653 4291 732 4362 vulgo
749 4287 969 4343 edictadicere.»
995 4323 999 4332 .
