3054 5152
390 509 452 575 160
757 507 793 574 C.
819 503 1053 572 SUETONII

385 635 535 728 patronis
547 655 617 700 nou
628 629 867 715 uanslaticias,
881 649 921 699 ut
933 629 1074 714 assolet,
1086 645 1124 700 ct
1134 630 1273 715 breves,
1287 631 1346 700 scd
1358 655 1430 700 ma·
1525 641 1526 646 ’

385 747 490 810 umas
508 743 738 838 plurimasque
756 741 997 834 postulationes
1017 743 1167 808 certatim
1181 742 1430 833 ingerentibus3

386 856 538 949 quamvis
560 851 776 920 interdictum
795 877 819 919 a
840 852 980 920 Claudio
1006 869 1103 920 esset.
1131 857 1200 919 Nec
1222 851 1334 919 multo
1358 868 1433 945 post

386 964 481 1032 duxit
500 987 642 1031 uxorem
664 961 874 1031 Octaviamt:
897 962 1067 1058 ediditque
1088 985 1150 1054 pro
1173 960 1305 1032 Claudii
1327 961 1432 1030 salute

386 1078 559 1144 Circenses
573 1090 607 1142 et
618 1076 841 1143 venationem.

432 1164 523 1251 Vlll.
542 1183 784 1275 Septemdecim
795 1197 895 1250 natus
908 1191 1031 1250 annos¹
1042 1235 1051 1261 ‚
1064 1199 1102 1250 ut
1113 1181 1155 1252 de
1169 1182 1312 1251 Claudio
1323 1181 1435 1276 palam

386 1297 512 1366 factum
529 1310 594 1378 est,
613 1297 701 1362 inter
718 1294 836 1362 boram
849 1310 978 1365 sextam
994 1297 1256 1390 septimamque²
1271 1297 1436 1386 processit

387 1409 431 1477 ad
447 1408 671 1491 excubitores3
689 1431 795 1501 quum
813 1406 856 1474 ob
875 1408 976 1474 totius
995 1405 1061 1474 diei
1079 1404 1246 1474 diritatem
1260 1429 1332 1473 non
1346 1403 1435 1473 aliud

386 1516 584 1611 auspicandi
595 1535 728 1608 tempus
740 1514 1023 1584 accommodatius
1037 1515 1221 1584 videretur:
1235 1539 1369 1610 proque
1380 1521 1436 1583 Pa·

388 1628 457 1695 latii
476 1625 636 1724 gradibus
655 1628 907 1694 IMPERATOR
926 1625 1173 1708 consalutatuS,
1193 1625 1312 1693 lectica
1330 1628 1367 1692 in
1383 1649 1435 1693 ca·

387 1755 472 1820 stra,
486 1737 606 1808 etinde
619 1739 740 1830 raptim
752 1736 927 1830 appellatis
937 1735 1100 1806 militibus
1112 1740 1146 1804 iu
1158 1741 1294 1806 Curiam
1305 1735 1436 1805 delatus

388 1865 455 1931 est,
476 1849 695 1941 discessitque
709 1843 781 1939 jam
798 1849 947 1940 vesperi,
966 1869 1007 1912 ex
1023 1848 1213 1929 immensu,
1234 1847 1361 1942 quibus
1380 1871 1438 1915 cu·

388 1960 593 2042 mulabatur,
603 1958 806 2040 bonoribus,
818 1973 951 2024 tantum
959 1961 1110 2025 PATRIS
1121 1962 1290 2026 PATRIAE
1300 1960 1438 2026 nomine

389 2086 561 2153 recusato,
577 2085 715 2162 propter
730 2083 871 2136 aetatem.

437 2184 492 2246 IX.
519 2182 626 2246 Orsus
643 2177 721 2246 hinc
732 2203 753 2246 a
763 2179 894 2271 pietatis
911 2183 1149 2264 ostentatione,
1164 2179 1367 2264 Claudium,
1382 2205 1439 2274 ap-

389 2291 602 2394 paratissimo
626 2289 746 2357 funere
771 2288 921 2376 elatum,
950 2289 1100 2361 laudavit
1126 2296 1438 2388 consecravitque1.

428 2536 453 2588 8.
463 2537 658 2590 Demituxorem
669 2539 818 2600 Octaviamr
829 2559 891 2592 ann.
935 2541 1117 2612 gitantesque,
1126 2540 1171 2594 nbi
1179 2543 1349 2594 Britannicus
1358 2554 1441 2596 esset:
1457 2593 1460 2598 .

393 2616 453 2685 807.
474 2617 558 2668 Tacit.
573 2617 670 2669 Annal.
688 2618 752 2685 Xll,
768 2617 818 2685 58,
835 2622 889 2671 ·D.
936 2637 1013 2686 mox,
1032 2620 1106 2672 nullo
1122 2623 1149 2672 in
1162 2619 1294 2673 diversum
1313 2635 1441 2686 auctoru,

374 2761 380 2774 .
392 2696 489 2759 lunio,
502 2696 535 2763 Q.
548 2696 655 2748 Haterio
665 2695 840 2762 Consulibus,
850 2715 892 2750 se·
937 2720 994 2771 quae
1001 2700 1197 2769 offerebantur,
1205 2704 1289 2754 secuti
1296 2716 1374 2755 sunt.
1384 2703 1443 2756 llla·

393 2771 480 2826 decim
504 2793 588 2827 annos
614 2789 692 2828 natus
716 2776 787 2827 Nero
807 2779 892 2830 Octa·
936 2782 1232 2851 tusquecastrisllero,
1245 2795 1444 2852 atcongruen·

393 2851 746 2920 viam‚Ca÷sarisliliam,in
762 2857 892 2907 matrimo-
936 2860 972 2911 tia
998 2864 1112 2932 tempori
1137 2861 1280 2930 prelatus,
1307 2865 1444 2934 promisso

392 2933 466 2984 nium
480 2933 619 3003 accepit‚·
634 2933 680 2984 ubi
692 2932 750 2983 vide
765 2934 891 3010 lipsium.
937 2937 1081 3004 donativo,
1103 2939 1136 2990 ad
1154 2940 1303 3012 exemplum
1325 2957 1445 3012 paterna»

393 3011 505 3064 Videtur
519 3009 605 3063 latiori
629 3030 708 3064 sensu
726 3011 821 3064 dixisse
836 3013 893 3066 Nec
936 3015 1096 3086 largitionis,
1119 3020 1266 3089 Imperator
1283 3021 1445 3074 consaluta-

393 3091 478 3144 malto
502 3103 559 3162 post
583 3091 739 3156 Suetonius,
766 3110 821 3143 non
845 3110 893 3163 per
936 3108 987 3146 tur.
1000 3096 1161 3149 Sententiam
1171 3097 1393 3153 militumseeuta
1402 3103 1446 3153 Pa-

393 3190 516 3224 errorem.
743 3195 746 3206 ·
937 3188 1006 3227 trum
1020 3178 1156 3240 consultu
1171 3197 1220 3231 uec
1234 3178 1393 3234 dubitatum
1407 3196 1447 3234 est

428 3254 494 3304 Vlll.
518 3268 539 3302 ι.
553 3250 741 3321 Septemdecim
755 3263 831 3304 cuttu
844 3269 893 3302 aa·
937 3255 1009 3328 apud
1027 3261 1206 3328 provincias·
1230 3259 1307 3312 Conl.
1330 3260 1445 3333 Josepb.

393 3347 455 3392 nor;
477 3348 538 3380 ann.
561 3330 621 3399 807.
636 3329 713 3381 Conf.
731 3349 810 3401 supra
831 3350 891 3401 cap.
936 3335 1002 3400 XX,
1015 3337 1039 3388 8.
1050 3338 1130 3388 —Et
1141 3338 1306 3409 inderaptr'm
1319 3340 1448 3410 appella·

393 3409 424 3475 6,
436 3410 493 3459 init.
938 3414 970 3466 tis
983 3415 1108 3468 militibus
1114 3437 1124 3477 ‚·
1138 3415 1164 3466 lt.
1178 3435 1201 3468 e.
1214 3430 1277 3488 post
1287 3418 1403 3472 brevem
1413 3419 1447 3472 ad

432 3504 455 3539 a.
465 3484 739 3540 Interltoramrextam
745 3488 893 3560 septimam·
938 3493 1033 3546 milites
1046 3497 1210 3563 orationem,
1222 3510 1273 3548 etc.
1284 3495 1327 3549 Cf.
1341 3498 1446 3572 Xipbil.

394 3586 457 3640 que,
475 3581 525 3619 etc.
548 3567 632 3618 Tacit.
650 3567 745 3619 dunel.
762 3567 830 3635 xit,
842 3571 891 3639 69:
937 3572 1008 3636 Lxl,
1021 3573 1046 3626 3.

397 3650 512 3713 «Tunc,
537 3648 621 3699 medlo
641 3648 711 3712 diet,
738 3651 843 3700 tertium
867 3668 892 3702 a.
974 3653 1018 3704 lX.
1041 3671 1064 3705 1.
1081 3653 1219 3706 Claudium
1225 3692 1302 3708 .....
1325 3657 1450 3712 laudavit

393 3727 432 3780 1ι1.
441 3726 551 3780 Octobr.
559 3764 568 3792 ,
577 3726 678 3780 foribus
686 3725 778 3779 Palatii
785 3742 893 3799 repente
939 3733 1152 3806 consecravitque.
1164 3735 1248 3786 Tacit.
1259 3735 1360 3786 Annal.
1374 3737 1448 3800 Xlll,

394 3807 524 3871 diductis,
541 3809 684 3859 comitante
700 3809 800 3874 Burro,
821 3809 892 3860 Nero
940 3812 955 3863 3
970 3832 976 3860 :
997 3813 1066 3864 ·1tie
1078 3812 1178 3864 funeris
1191 3811 1378 3865 laudationem
1391 3819 1449 3886 ejus

395 3886 528 3957 egreditur
539 3883 573 3936 ad
585 3884 737 3952 cohortem,
752 3905 808 3958 quse
819 3907 893 3941 more
940 3891 1064 3962 Princeps
1072 3909 1180 3943 exorsus
1187 3905 1235 3943 est.
1246 3893 1314 3944 Dum
1326 3896 1451 3965 antiqui-

394 3966 493 4018 militiae
502 3965 617 4018 excubiis
628 3965 710 4017 adest.
723 3966 776 4032 lbi,
786 3986 895 4020 monen-
941 3983 1020 4024 tatem
1035 3974 1153 4042 generis,
1165 3970 1335 4038 consulatus,
1351 3993 1385 4026 ae
1401 3975 1450 4026 tri·

395 4059 421 4098 te
440 4044 581 4108 Praefecto,
599 4045 674 4095 festis
690 4043 800 4096 vocibus
818 4064 895 4098 exce·
939 4051 1055 4122 umphos
1066 4055 1196 4123 majorum
1207 4053 1400 4120 enumerabat,
1410 4057 1450 4107 in·

395 4140 475 4197 ptus,
490 4122 591 4176 inditur
604 4121 709 4175 lectica.
727 4123 895 4178 Dubitarissa
940 4143 1028 4182 tentus
1048 4132 1105 4202 ipse
1126 4146 1152 4185 et
1172 4133 1270 4194 ceteri3
1291 4132 1449 4187 liberalium

397 4206 527 4278 quosdam
541 4207 646 4272 ferunt,
660 4218 839 4276 respectantes
854 4226 896 4259 ro·
941 4229 1049 4283 quoque
1057 4213 1150 4264 artium
1161 4217 1402 4281 commemoratio,
1414 4229 1449 4282 et,
