3068 5144
407 561 472 630 368
779 562 816 626 C.
841 560 1075 628 sttu'rorttt

404 687 546 771 ictibus,
569 690 725 781 cepitque
746 711 822 756 earn
843 686 947 756 natali
966 685 1043 756 filiae
1065 687 1174 770 suae',
1195 705 1288 757 tanto
1308 689 1444 759 militum

406 798 528 888 gaudio
546 822 586 865 ac
606 799 737 880 favore,
760 799 854 864 utin
875 797 1097 891 gratulatione
1118 803 1358 892 Imperatorem
1374 824 1445 868 eum

406 909 727 992 consalutaverint9,
742 923 777 976 et
790 907 935 976 subinde
952 907 1170 977 decedentem
1183 912 1355 1001 pmvincia
1370 911 1445 979 deti·

304 1059 306 1062 ·
407 1025 560 1105 nuerint,
580 1019 795 1112 suppliciter,
814 1043 964 1088 necnon
980 1036 1014 1086 et
1029 1021 1204 1088 minaciter
1217 1020 1445 1113 efflagitantes,

412 1148 498 1198 aaut
515 1147 720 1212 remaneret,
739 1146 799 1197 aut
817 1151 1068 1196 secumomnes
1087 1129 1211 1220 pariter
1230 1127 1442 1197 abduceret.»

407 1238 506 1308 Unde
524 1255 603 1306 nata
618 1241 764 1332 suspicio
781 1256 850 1320 est,
870 1242 965 1333 quasi
982 1237 1167 1306 desciscere
1182 1255 1327 1331 epatre,
1342 1241 1446 1306 Orien·

407 1353 517 1444 tisque
529 1372 672 1440 regnum
681 1349 744 1415 sihi
753 1348 921 1418 vindicare
931 1362 1101 1414 tentasset.
1112 1351 1223 1432 Quam
1230 1349 1446 1440 suspicionem

407 1460 516 1544 auxit,
541 1475 721 1553 postquam
746 1456 982 1525 Alexandriam
1003 1472 1140 1549 petens,
1165 1460 1201 1524 in
1226 1457 1445 1525 consecrando

406 1567 498 1662 apud
519 1568 705 1661 Memphim
723 1567 808 1636 bove
826 1570 890 1662 Api
900 1579 924 1607 ¹⁰
946 1566 1099 1636 diadema
1119 1570 1278 1659 gestavit:
1301 1566 1342 1634 de
1362 1592 1444 1635 more

407 1680 545 1776 quidem
562 1683 697 1774 rituque
714 1682 834 1774 priscas
852 1680 1040 1771 religionis;
1058 1679 1119 1746 sed
1136 1703 1206 1748 non
1224 1677 1379 1764 deerant,
1395 1681 1446 1774 qui

409 1816 506 1860 secus
518 1793 828 1884 interpretarentur.
843 1796 955 1877 Quare
967 1791 1128 1858 festinans
1138 1792 1174 1857 in
1188 1789 1337 1872 ltaliam,
1351 1814 1444 1885 quum

409 1902 591 1996 Rhegium,
610 1900 689 1969 dein
707 1901 882 1970 Puteolos.
903 1903 1055 1970 oneraria
1072 1925 1159 1969 nave
1172 1900 1375 1994 appulisset,
1389 1907 1444 1967 Ro·

409 2011 592 2081 mam-inde
606 2010 779 2080 contendit
790 2008 1076 2104 expeditissimus³
1088 2013 1342 2106 inopinantique
1353 2012 1443 2104 patri,

410 2124 503 2192 velut
524 2146 668 2216 arguens
689 2146 866 2191 rumorum
888 2122 930 2189 de
949 2147 993 2190 se<
1005 2124 1242 2203 temeritatem,
1270 2123 1440 2202 «¹¹Veni,·

411 2235 536 2329 inquit,
558 2263 572 2293 a
585 2249 694 2324 pater,
709 2235 798 2300 veni.
814 2264 827 2294 n

460 2349 515 2410 Vl.
540 2348 656 2436 Neque
669 2365 710 2409 ex
724 2365 765 2410 eo
779 2342 921 2424 destitit,
935 2344 1132 2436 participem
1145 2357 1247 2436 atque
1259 2344 1358 2409 etiam
1369 2357 1444 2408 tuto

412 2453 631 2544 remaimperii
648 2473 758 2542 agero.
777 2450 1012 2544 Triumphauit
1028 2475 1105 2519 cum
1118 2467 1213 2543 patre
1223 2460 1251 2531 ¹,
1265 2472 1446 2518 censumm·

372 2607 378 2619 .
412 2588 479 2660 que
494 2564 595 2655 gessit
606 2579 707 2630 una2.
723 2562 842 2630 Eidem
854 2562 981 2656 collega
996 2579 1031 2632 et
1043 2564 1077 2629 in
1089 2561 1267 2630 tribunicia
1276 2575 1444 2655 potestate,

449 2751 474 2803 8.
492 2747 587 2802 Natali
589 2747 659 2821 filice
669 2765 728 2800 suoe.
738 2747 778 2800 De
789 2746 847 2816 die,
860 2769 913 2822 quo
959 2750 1003 2802 nto
1009 2787 1018 2817 ,
1031 2748 1105 2821 quod
1114 2766 1169 2802 non
1179 2746 1299 2801 merebat
1309 2757 1395 2798 noum
1402 2763 1446 2796 ms·

413 2825 595 2899 Hierosolyma
609 2838 687 2897 capta
703 2839 779 2893 sunt,
794 2825 916 2897 locuple·
960 2828 984 2881 le
1006 2829 1040 2882 ab
1061 2831 1180 2882 Ernestio
1204 2841 1232 2880 et
1251 2826 1446 2897 Oudendorpio‚

413 2907 529 2959 tissimus
538 2905 652 2956 Reimar.
666 2901 699 2956 ad
709 2903 808 2975 Xiphil.
820 2905 915 2973 val,
960 2927 1041 2980 quum
1054 2921 1172 2975 constet,
1188 2909 1294 2961 Graecos
1309 2910 1385 2958 etiam
1398 2903 1445 2956 itta

415 3001 438 3054 7.
452 3014 488 3024 -
498 2984 550 3033 Pro
563 3001 634 3048 eam,
644 2979 701 3034 scil.
717 2981 809 3034 urbem
822 2985 916 3036 Hiero-
960 3007 1065 3060 semper
1083 2987 1169 3040 dicere
1185 3005 1235 3058 pro
1252 2985 1341 3060 ithsir.
1355 2985 1411 3037 Sine
1421 2981 1447 3034 li·

414 3062 596 3136 solymitanam
615 3058 680 3130 (per
695 3062 833 3133 synesin),
848 3062 914 3114 Cod.
960 3065 1014 3118 bris
1028 3056 1116 3118 tamen
1127 3063 1193 3116 nihil
1208 3063 1372 3116 mutandum.

414 3140 533 3207 alteret,
544 3141 750 3194 assurrectione
758 3143 814 3194 siue
822 3140 914 3194 dubio.
995 3144 1037 3195 vt.
1054 3160 1077 3197 t.
1097 3141 1286 3214 Triumphauit
1300 3159 1361 3193 eum
1374 3149 1446 3212 patre.

449 3241 476 3293 9.
499 3221 560 3273 Ut...
574 3221 762 3292 Imperatorem
776 3240 836 3273 eum
852 3239 916 3274 con·
960 3222 1027 3274 Vide
1038 3221 1071 3274 ad
1080 3225 1189 3292 Vespas.
1202 3237 1263 3290 cap.
1275 3219 1301 3272 8.
1313 3220 1387 3271 Oros.
1396 3219 1447 3280 vlt,

412 3298 594 3360 solumvsn'nt5
607 3318 686 3351 sensu
698 3318 794 3371 nempe
806 3301 915 3372 antiquo
959 3319 996 3370 9:
1018 3298 1181 3352 «Pulchrum
1198 3311 1224 3350 et
1242 3301 1362 3369 ignotum
1381 3309 1447 3348 antea

415 3378 450 3430 oh
465 3379 602 3429 victoriam
614 3390 793 3448 reportatam,
806 3378 851 3430 ubi
865 3379 918 3429 Im·
962 3381 1064 3433 cunctis
1075 3376 1232 3430 mortalibus
1246 3380 1317 3430 inter
1330 3388 1447 3429 uersutus
1502 3407 1505 3414 ι

413 3469 518 3530 perator
535 3460 701 3526 cognominis
719 3458 780 3510 loco
800 3458 917 3511 addeha-
952 3461 1053 3530 ¹viginti
1065 3456 1227 3529 triumphos,
1242 3458 1289 3528 qui
1303 3476 1318 3509 a
1333 3454 1448 3508 conditio·

416 3551 469 3598 tur,
478 3555 532 3588 non
542 3535 757 3609 preponebatur,
767 3540 832 3590 utin
842 3541 917 3591 Prin·
961 3557 994 3590 ne
1009 3537 1089 3590 Urbis
1104 3554 1186 3608 usque
1201 3535 1234 3587 ad
1247 3535 1275 3587 id
1291 3549 1393 3607 tempus
1405 3533 1447 3585 acti

415 3617 529 3687 cipibus.
542 3617 583 3670 cf.
594 3616 628 3668 ad
638 3617 702 3670 Caes.
717 3619 760 3688 76.
774 3620 915 3692 Nunquam
961 3629 1050 3680 erant,
1068 3616 1122 3668 hoc
1136 3615 1319 3688 spectaculum
1333 3615 1395 3681 tuit,
1411 3630 1447 3684 pt·

415 3695 475 3745 vivo
494 3707 572 3764 patre
593 3711 671 3745 sensu
695 3697 840 3766 augustiori
864 3696 916 3748 hoc
961 3708 1026 3748 trem
1035 3694 1150 3746 etlilium
1159 3694 1447 3766 unotriumphaliesrm

416 3792 513 3825 nomen
528 3774 617 3825 Titum
636 3773 742 3842 tulisse,
760 3789 853 3828 contra
866 3781 917 3830 Pa·
961 3787 1062 3840 vectos,
1075 3773 1293 3845 gloriosissimam
1304 3773 1338 3826 ab
1350 3772 1401 3839 his,
1410 3773 1448 3842 qni

416 3854 487 3923 giam
507 3853 588 3922 (Crit.
608 3853 702 3905 Baton.
722 3852 756 3904 sd
775 3874 836 3908 ann.
853 3856 916 3910 Chr.
961 3867 1063 3926 patrem
1079 3865 1106 3904 et
1124 3853 1205 3905 filium
1221 3852 1401 3919 offenderant,
1414 3852 1447 3902 ri·

418 3932 667 4004 7t)docetlleimar.
676 3933 917 4007 atxiphituxvt,
961 3935 1070 3986 storiam
1084 3947 1240 4005 reportasse.
1252 3957 1264 3981 ι

421 4029 443 4064 r.
456 4012 533 4064 conf.
545 4012 654 4084 loseph.
665 4016 713 4078 Vi,
727 4014 756 4080 6,
770 4032 791 4066 r.
998 4031 1022 4064 a.
1043 4015 1232 4084 Censuramque
1247 4015 1325 4086 pessit
1339 4032 1397 4065 una.
1412 4011 1445 4064 Cl.

457 4108 497 4144 ro.
518 4091 581 4162 Api.
603 4091 644 4142 Al.
663 4091 755 4163 Apide.
774 4091 825 4146 Sed
844 4094 915 4166 Apin
963 4093 1074 4163 Vespas.
1095 4093 1121 4145 8.
1141 4091 1205 4144 Plin.
1224 4095 1252 4144 in
1268 4093 1371 4146 Praelat.
1389 4092 1445 4143 ilist.

418 4171 515 4222 Noster
529 4172 607 4221 etiarn
620 4171 789 4242 Augustrpd.
963 4173 1023 4224 Nat.
1043 4170 1078 4224 ad
1095 4172 1198 4236 Titum,
1221 4170 1446 4245 «Triumphaliset

457 4265 496 4302 rr.
513 4249 589 4306 Verri.
600 4250 714 4304 Gravius
725 4249 853 4306 suadebat
865 4251 916 4310 Ve-
963 4251 1104 4305 Censorius
1112 4264 1154 4319 tu,
1164 4252 1301 4325 sexiesque
1308 4248 1413 4319 Consul,
1421 4266 1446 4300 ac
