3048 5142
513 553 677 617 ennea.
921 525 926 542 ’
1050 558 1116 638 245

85 703 141 774 qne
160 697 180 743 a
193 675 330 744 Tiberio
344 679 455 745 sortiri
469 700 558 744 anno
580 701 641 745 suo
656 673 946 769 proconsulatum,
963 669 1126 749 volunta·-

83 792 122 854 ria
134 803 244 854 morte
259 786 388 854 obiit¹⁰.

121 906 179 966 IV.
206 903 294 968 Serv.
312 899 417 967 Galba
432 905 634 996 imperator,
649 905 696 968 M.
712 900 845 996 Valerio
858 903 1039 987 Messala¹‚
1053 909 1113 973 Cn.

84 1009 219 1077 Lentulo
233 1009 449 1092 Consulibus,
462 1024 562 1076 natus
577 1025 642 1091 est,
660 1013 706 1076 lx
721 1010 887 1078 Kalendas
901 1015 1066 1095 ianuarii,
1081 1016 1116 1080 in

84 1119 154 1186 villa
173 1121 251 1188 colli
272 1113 481 1213 superposita
489 1129 513 1201 ²¹,
532 1143 640 1212 prope
655 1123 885 1206 Terracinam,
907 1125 1116 1192 sinistrorsus

85 1229 214 1299 Fundos
226 1231 428 1324 petentibus.
442 1229 628 1321 Adoptatus
640 1254 660 1295 a
673 1254 817 1298 noverca
831 1256 903 1314 sua,
916 1236 1044 1300 Livium
1057 1259 1118 1302 no-

85 1341 177 1407 men³
192 1357 227 1408 et
239 1341 366 1408 Ocellae
377 1363 563 1431 cognomen
576 1342 748 1423 assumsit,
760 1357 887 1409 mutato
899 1348 1118 1435 praenomine.

87 1455 164 1518 Nam
179 1468 214 1518 et
230 1455 372 1519 Lucium
386 1476 464 1519 mox
479 1473 541 1544 pro
558 1452 671 1517 Servio
685 1475 793 1544 usque
809 1451 851 1518 ad
866 1469 999 1546 tempus
1016 1456 1120 1546 impe-

87 1562 314 1654 riiusurpavit.
328 1566 476 1643 Constat,
489 1565 676 1650 Augustum
690 1585 795 1652 puero
807 1561 949 1645 adhuct,
962 1564 1120 1633 salutanti

88 1729 224 1782 unicani.
237 1732 346 1784 Sueton.
358 1731 453 1785 illustr.
463 1733 578 1785 Gramm.
624 1729 693 1801 (ride
699 1732 766 1784 infra
772 1732 805 1785 ad
813 1753 871 1805 cap.
881 1731 935 1804 23),
943 1753 1025 1804 quum
1032 1745 1120 1786 tamen

88 1827 138 1881 cap.
152 1829 179 1878 9.
199 1813 251 1862 Pro
267 1831 425 1886 quamquam
439 1812 471 1864 al.
486 1831 579 1884 quam,
624 1829 714 1863 mense
727 1814 853 1864 ianuario
869 1830 930 1865 ann.
949 1814 997 1864 Bra
1014 1814 1123 1864 interfe-

89 1907 102 1939 e
113 1891 269 1962 compendio
282 1893 422 1946 scribendi.
625 1902 697 1940 ctum
704 1908 765 1942 eum
774 1909 830 1943 esse
838 1903 948 1942 constet.
962 1887 1035 1940 Nihil
1043 1901 1123 1942 restat

121 1985 157 2021 to.
181 1968 339 2022 Voluntaria
351 1982 434 2023 morte·
444 1972 513 2025 obiit.
528 1973 581 2022 Ta·
626 1968 659 2020 ad
670 1970 856 2022 removendam
866 1967 1062 2034 difficultatem,
1073 1970 1127 2020 nisi.

89 2047 127 2096 cit.
139 2048 235 2098 Annal.
248 2050 302 2114 Vl,
318 2049 366 2116 do,
384 2050 417 2101 ad
434 2070 496 2102 ann.
516 2051 581 2119 789,
625 2063 654 2100 ut
672 2050 807 2100 oraculum
824 2052 910 2120 ipsum
926 2047 980 2114 vel,
995 2045 1058 2099 dum
1077 2067 1123 2099 ore

92 2129 134 2177 ιθ.
147 2127 232 2177 Galba
243 2129 385 2180 consularis
399 2143 424 2180 et
438 2129 491 2180 duo
508 2128 583 2181 Blaesi
625 2124 787 2191 tradebatur,
800 2139 963 2197 surruptum,
973 2125 1126 2178 telvielen-

88 2204 233 2257 vclnntario.
247 2208 318 2259 exitu
332 2208 463 2269 cecidere;
483 2207 580 2274 Galba,
625 2221 653 2258 ta
662 2208 878 2277 interpretatione
891 2207 923 2258 ad
935 2205 1045 2258 Galbam
1056 2205 1129 2258 sela·-

89 2284 197 2335 tristibus
207 2284 314 2336 Caesaris
327 2284 407 2338 literis
420 2286 581 2357 provinciam
625 2299 682 2337 tntu
691 2323 699 2351 ,
708 2288 875 2338 occasionem
886 2285 988 2338 dedisse
1002 2287 1082 2338 errori
1091 2285 1124 2336 de

90 2364 167 2414 sortiri
178 2361 342 2434 prolubitus,
354 2377 403 2415 etc.
413 2388 424 2410 ι
441 2364 488 2414 ubi
501 2381 582 2434 quum
627 2367 793 2436 septuaginta
805 2365 889 2418 tribus
899 2367 954 2416 vitre
965 2367 1041 2418 annis
1054 2365 1127 2417 eben*

90 2442 224 2495 consularis
240 2441 360 2508 dicatur,
379 2444 463 2494 verior
478 2442 583 2496 videtur
626 2465 693 2512 mus,
701 2449 789 2518 inquo
798 2444 1124 2518 indagandoetrefutando
1213 2447 1217 2456 “

91 2525 212 2572 sententia
219 2540 321 2587 ectum,
328 2524 438 2592 qniann.
445 2522 582 2591 775bunc,
626 2545 726 2595 magnae
738 2527 817 2576 etiam
827 2524 964 2596 diligentia
972 2528 1126 2596 scriptores,

91 2616 139 2650 non
147 2613 246 2670 patrem
253 2602 432 2671 imperatoris,
440 2600 583 2654 Consulem
627 2619 657 2656 ut
675 2604 831 2670 Suetonius,
848 2604 962 2656 fortasse
979 2623 1033 2675 pree
1045 2605 1125 2656 nimiu

91 2675 164 2730 luisse
177 2680 337 2731 existimant.
627 2681 1041 2754 religioneelaborarenoluerint.
1051 2683 1129 2734 Cete-

121 2760 161 2809 lv.
179 2777 201 2810 ι.
221 2759 262 2809 Μ.
278 2759 382 2812 Valerio
392 2759 518 2823 Messala,·
530 2763 584 2813 sive
628 2782 685 2814 rum
694 2763 727 2814 cf.
737 2762 858 2814 Oudend.
870 2761 904 2813 ad
913 2761 939 2811 b.
950 2761 968 2811 l.
978 2761 1125 2813 etReimar.

91 2837 243 2888 Messalino:
255 2836 314 2889 vide
326 2838 428 2890 elench.
440 2839 584 2892 Consulum
629 2841 664 2892 ad
673 2840 773 2912 Xiphil.
785 2841 882 2904 LXIV,
903 2857 912 2891 1
929 2853 954 2890 et
967 2841 998 2904 6,
1016 2838 1062 2890 ubi
1074 2859 1125 2891 no-

92 2915 314 2968 anteDionislibr.
322 2915 374 2967 LV.
386 2917 467 2968 Fuere
477 2917 504 2968 hi
514 2920 585 2970 Con·
628 2921 729 2974 hiscum
740 2922 827 2972 lacere
838 2917 949 2970 videtur.

92 2995 155 3047 sulas
167 3016 228 3048 ann.
242 2997 290 3066 751
302 3035 310 3063 ,
325 3016 403 3068 quem
414 3017 476 3050 vere
486 3017 584 3050 annum
665 3018 689 3052 a.
702 3000 874 3072 Superposita.
884 2996 924 3048 Al.
932 2997 1068 3068 supposita.
1078 2997 1128 3047 Eo-

90 3075 585 3148 Galbaenatalemluisse,colligasetiam
629 3077 688 3130 dem
703 3076 830 3128 librorum
850 3093 938 3126 errore
952 3076 1062 3142 August.
1078 3074 1127 3137 31,

91 3169 120 3202 ex
128 3155 206 3212 Dion.
214 3156 284 3220 Lv1,
295 3172 341 3224 29,
351 3155 396 3205 ubi
406 3155 466 3206 Kal.
476 3157 583 3208 lanuar.
628 3157 895 3228 lanosupposuiterat
902 3173 950 3224 pro
958 3155 1127 3222 superposuit.

93 3248 149 3282 ann.
168 3234 218 3302 767
236 3247 326 3302 togam
344 3233 445 3286 virilem
464 3235 585 3287 sumsisse
641 3269 647 3300 χ
665 3235 810 3286 Minium
821 3250 923 3285 nomen.
935 3235 972 3283 lta
986 3229 1127 3298 edidimus,

91 3309 197 3376 dicitur,
224 3312 320 3383 quibus
338 3313 469 3368 decimum
485 3327 586 3366 sextum
631 3314 756 3384 quoniam
770 3310 835 3362 alter
844 3309 909 3363 Cod.
923 3309 1024 3360 Liviam
1037 3309 1129 3362 vitiose

92 3387 318 3461 (nonseptimum,
335 3392 532 3445 utlieimar.ad
542 3393 586 3443 Xi-
631 3391 744 3444 exbibet.
759 3390 898 3453 Albinia,
914 3386 1130 3459 quodreeteOu·
1166 3417 1169 3423 ·

92 3467 152 3537 phil.
162 3471 258 3535 LXIV,
274 3471 343 3541 init.)
351 3473 407 3522 rita
417 3489 515 3522 atinum
526 3489 586 3538 age·
631 3471 711 3523 dend.
724 3471 803 3522 refert
815 3468 847 3520 ad
858 3467 1046 3539 praecedentia,
1059 3490 1075 3520 a
1084 3489 1131 3520 no·

91 3546 288 3619 bat.Repugnat
294 3563 379 3602 autern
386 3548 521 3602 oraculum
527 3549 587 3600 Del·
633 3571 706 3603 verca
717 3570 775 3614 sua,
795 3549 918 3620 suppleto
931 3547 964 3600 atl
977 3568 1075 3601 nomen
1089 3548 1131 3602 vel

91 3626 196 3698 pliisurn
213 3631 322 3696 (Neron.
340 3631 401 3696 lo),
418 3650 469 3700 quo
484 3640 587 3700 septua-
631 3631 701 3682 Livii
707 3668 717 3694 ,
730 3629 770 3682 vel
784 3629 896 3680 Liuium.
912 3627 952 3678 ΛΙ.
967 3628 1051 3694 Liuii,
1064 3643 1130 3700 puto

90 3706 215 3778 gesimam
227 3708 329 3760 tertium
346 3727 443 3760 annum
458 3710 528 3760 Nero
544 3727 587 3761 ca·
631 3730 663 3762 ex
673 3703 967 3762 emendatione—Pro
978 3706 1083 3775 Ocelloe‚
1095 3707 1127 3760 al.

93 3801 149 3833 rere
167 3783 328 3852 jubebatur,
357 3785 390 3837 ab
412 3785 532 3838 omnibus
554 3776 587 3838 (le
635 3785 1131 3859 Ocellare,quodpraeplncet.Nonenim

93 3861 173 3913 Galba
182 3863 356 3930 intellectum,
366 3867 410 3934 qui
418 3883 488 3916 anno
497 3868 587 3918 mortis
636 3865 753 3919 Ocellam
761 3905 769 3932 ,
777 3866 824 3917 sed
836 3862 953 3918 Ocellum
965 3867 1133 3934 cognomina·

92 3940 258 4007 Neronis,ab
266 3941 336 3994 Urbe
344 3961 439 4013 nempe
448 3945 512 4006 821,
525 3963 589 3994 non·
633 3959 687 3997 turn
703 3947 837 4010 existimo,
850 3957 875 3995 et
887 3942 970 3994 facilis
980 3943 1029 3992 fuit
1041 3941 1074 3993 ab
1085 3942 1132 3993 ad-

93 4021 139 4070 nisi
152 4024 373 4090 septuagesimum
383 4039 460 4091 agere
471 4035 588 4094 poterat,
631 4026 728 4092 jectivo
742 4020 860 4076 Ocellare
870 4019 903 4071 ad
911 4021 1053 4089 genitivum
1063 4017 1134 4069 Ocel-

93 4100 589 4173 natns751,etconsensusscriptorum,
635 4102 667 4154 loe
678 4101 776 4176 lapsus.

94 4181 137 4249 qui
147 4180 222 4230 tertio
231 4191 255 4232 et
264 4183 447 4256 septuagesimo
457 4185 537 4234 atatis
546 4201 589 4234 an·
670 4181 695 4246 4.
715 4181 857 4252 Augustum
874 4194 954 4247 puero
969 4173 1067 4241 adbuc,
1082 4187 1132 4226 etc.

94 4277 126 4310 uo
139 4277 203 4311 eum
216 4262 322 4330 periisse
334 4279 387 4314 nno
401 4281 445 4314 ore
459 4263 589 4315 affirmant
634 4261 658 4314 Si
665 4278 746 4332 puero
753 4259 838 4312 adltuc
846 4255 1013 4328 preadictum,
1022 4255 1136 4326 Augusti
