3076 5146
472 520 777 586 assensuri.
1082 524 1145 606 465

101 673 173 718 rem
190 649 294 718 etalii
311 647 400 716 docti
411 651 494 730 uiri,
514 666 548 714 et
565 650 742 717 Suetonius
759 650 858 716 etiam
875 651 1099 754 Tranquillus
1112 657 1147 722 in

100 761 343 831 libroiudicrae
355 759 502 829 historiae
514 763 624 853 primo
635 762 714 828 satis
727 777 933 853 compertam
947 785 1036 846 esse,
1053 768 1148 834 satis-

100 895 167 966 que
181 895 286 965 super
299 895 339 939 ea
354 886 507 939 constare
521 869 681 938 affirmat:
703 872 859 940 «nervias
877 873 913 938 in
930 871 1053 944 fidibus
1070 874 1150 944 bru·

101 983 182 1051 mali
194 982 251 1050 die
261 981 345 1052 alias
356 982 466 1075 digitis
478 979 573 1074 pelli,
586 979 668 1050 alias
680 1004 809 1050 sonare.
822 1013 835 1043 s

315 1203 542 1285 Tertullianus,
555 1204 593 1269 de
604 1202 809 1295 Spectaculis,
822 1227 890 1298 cup.
905 1206 937 1273 6.

145 1393 230 1478 Qui,
246 1406 396 1486 quotque
412 1393 447 1480 in
463 1386 635 1472 ordinem,
653 1403 686 1455 et
700 1387 822 1482 quibus
834 1387 932 1457 idolis
945 1389 1042 1461 ludos
1057 1395 1150 1462 insti·
1174 1373 1184 1379 ⁸

100 1518 258 1586 tuerunt,
275 1505 423 1595 positum
437 1515 488 1568 est
502 1498 595 1594 apud
606 1501 802 1569 Suetonium
814 1501 1067 1596 Tranquillum,
1080 1505 1147 1586 vel,

99 1637 119 1679 a
131 1611 257 1706 quibus
268 1608 487 1704 Tranquillus
498 1609 635 1700 accepit.

284 1829 453 1898 Diomedes
462 1805 629 1922 qrammat.
645 1830 699 1896 lib.
714 1830 788 1912 111,
798 1856 872 1925 paq.
890 1835 965 1923 489.

146 2019 267 2084 Primis
279 2001 506 2110 temporibus*¹
518 2017 646 2099 omnia,
662 2041 738 2111 quae
751 2019 786 2084 in
799 2041 899 2086 scena
911 2038 1100 2104 versantur,
1114 2027 1149 2091 in

97 2126 264 2199 comoedia
276 2127 471 2220 agebantur.
492 2131 579 2193 Nam
593 2130 820 2196 Pantomimus
831 2182 840 2212 ,
853 2144 888 2196 et
899 2130 1098 2222 Pytbaules‚
1116 2154 1150 2202 et

96 2240 303 2323 Choraules,
320 2242 356 2305 in
370 2237 532 2308 comoedia
544 2237 718 2306 canebant.
739 2239 803 2308 Sed
818 2244 897 2335 quia
911 2266 983 2312 non
993 2263 1150 2336 poterant

1 2344 10 2400 3
96 2353 214 2419 omnia
234 2349 336 2418 simul
356 2348 448 2442 apud
470 2371 587 2415 omnes
605 2348 748 2416 artifices
770 2353 894 2441 pariter
915 2352 1095 2439 excellere,
1120 2360 1149 2426 si

96 2467 158 2559 qui
174 2478 271 2531 erant
286 2463 374 2530 inter
389 2476 517 2566 actores
532 2459 771 2528 comoediarum
785 2486 847 2555 pro
862 2463 1019 2533 facultate
1031 2483 1066 2536 et
1076 2484 1148 2535 arte

94 2577 259 2667 potiores,
272 2575 499 2666 principatum
511 2571 575 2640 sibi
584 2572 714 2640 artificii
723 2573 947 2644 vindicabant.
960 2580 1012 2645 Sic
1020 2577 1146 2648 factum

94 2700 165 2769 est,
183 2700 239 2769 ut,
253 2680 579 2778 nolentibuscedere
591 2685 703 2751 mimis
722 2686 757 2751 in
775 2686 916 2755 artificio
928 2711 992 2756 suo
1010 2692 1146 2774 ceteris,

2 2810 4 2818 “
94 2799 264 2889 separatio
278 2795 373 2863 lieret
389 2793 608 2889 reliquorum.
624 2801 710 2863 Nam
724 2795 807 2864 dum
820 2800 969 2889 potiores
983 2800 1148 2868 inferiori-

93 2905 173 2990 bus,
188 2908 247 3000 qui
261 2908 297 2973 in
309 2907 401 2972 omni
413 2907 594 2996 ergasterio
606 2921 713 2987 eraut,
728 2908 853 2974 servire
865 2905 1145 2998 dedignabantur,

94 3039 133 3084 se
151 3017 278 3108 ipsosa
295 3013 458 3082 comoedia
476 3032 736 3107 separaverunt:
755 3039 795 3082 ac
813 3019 862 3083 sic
878 3015 1005 3085 factum
1023 3035 1089 3102 est,
1107 3038 1147 3088 ut

93 3127 252 3220 exemplo
265 3126 370 3195 semel
385 3139 516 3209 sumto,
533 3127 767 3220 unusquisque
783 3129 864 3194 artis
881 3149 951 3195 suae
965 3153 1038 3196 rem
1052 3153 1146 3199 exse-

94 3243 156 3335 qui
167 3241 319 3332 coeperit,
332 3262 443 3333 neque
454 3239 490 3304 in
502 3237 700 3305 comoediam
709 3240 840 3306 venire:
854 3236 950 3332 cujus
962 3243 1010 3308 rei
1022 3240 1146 3312 indicia

93 3347 248 3443 produnt
273 3347 371 3418 nobis
400 3348 548 3442 antiquae
576 3346 771 3430 comoedia,
800 3350 837 3415 in
866 3347 989 3445 quibus
1014 3353 1143 3421 inveni-

130 3579 141 3602 ·
159 3580 258 3633 Primis
269 3579 433 3652 temporibus,
448 3592 499 3633 ete.
515 3580 597 3632 uNon
643 3579 680 3631 cit
690 3578 820 3646 Isidorus,
831 3580 906 3652 Oriq.
918 3579 965 3633 lib.
976 3583 1047 3647 vm,
1060 3599 1084 3652 7.
1095 3585 1144 3636 lm-

94 3658 287 3726 dubitandum,
301 3660 364 3730 quin
375 3658 432 3710 baec
442 3661 517 3711 sinte
529 3658 597 3712 libro
643 3676 687 3709 mo
703 3677 734 3710 ex
750 3657 845 3710 eodem
858 3672 1000 3730 supersunt
1014 3663 1076 3712 Vita
1090 3657 1143 3714 Το-

94 3740 216 3793 Suetonii
229 3738 262 3791 de
276 3738 356 3789 Ludis
372 3755 403 3789 ac
417 3737 597 3809 Spectaculis,
644 3739 723 3789 rentii
742 3751 767 3789 et
781 3738 897 3800 Horatii;
917 3757 964 3804 ec,
983 3751 1013 3790 ut
1031 3757 1143 3806 censeo,

96 3839 176 3891 quem
193 3818 227 3870 ab
243 3837 275 3871 eo
292 3820 421 3888 scriptum
436 3836 510 3883 esse,
524 3820 598 3869 testis
642 3815 754 3882 Lucani,
765 3817 843 3866 etiam
851 3817 931 3867 Persii
940 3829 966 3867 st
974 3815 1140 3868 luvenalis.-

94 3898 208 3961 suidas,
221 3899 346 3970 variaque
362 3895 425 3948 inde
437 3897 598 3968 depromunt
642 3897 683 3946 lta
695 3895 756 3947 Ger.
773 3896 815 3946 Jo.
828 3895 950 3960 Vossius,
964 3897 1049 3948 instit.
1067 3896 1141 3948 Poet.

95 3984 126 4032 A.
139 3976 255 4044 Gellius,
265 3975 461 4041 Tertullianus,
478 3977 596 4042 Servius,
641 3975 680 4042 11,
695 3991 743 4044 29,
759 3975 806 4045 qui
817 3989 906 4026 tamen
919 3973 1048 4028 debuerat
1058 3993 1142 4047 aquo·

95 4055 252 4120 Diomedes,
264 4057 375 4108 Tzetm.
390 4055 498 4126 Absque
513 4072 545 4106 eo
557 4071 611 4105 es-·
642 4052 1140 4126 seereGasaubonum,quippeprimum

96 4152 148 4204 set,
164 4137 280 4190 dicerem
297 4155 355 4189 esse
368 4154 400 4187 ex
414 4135 480 4187 libro
493 4136 549 4203 ejus
563 4132 596 4184 de
642 4131 721 4202 hujus
734 4132 861 4196 indicem,
874 4137 950 4204 cujus
961 4147 1024 4184 suot
1035 4153 1142 4206 quoque

94 4222 200 4287 Poetis,
213 4217 284 4272 unde
294 4231 320 4272 et
328 4219 504 4288 fragmentum
514 4213 597 4266 eddo·
642 4211 725 4264 multa
738 4212 883 4284 sequentis.
902 4213 1020 4265 Gnoses.

188 4312 236 4376 II.
958 4303 1001 4367 30
