3076 5146
408 529 474 612 49⁰
812 471 1042 589 sinesin

406 645 479 699 diunt
490 645 578 700 etrele
587 648 737 718 respicitur.
749 649 913 719 Tamquam,
931 647 953 698 si
967 649 1025 719 quis
1040 645 1112 718 apud
1127 646 1249 700 eumdem
1261 648 1370 716 livium,
1381 651 1432 720 Vll,

410 727 456 795 14,
469 727 514 780 ubi
527 746 663 797 agasones,
671 728 747 780 mulis
760 729 885 798 impositi,
897 727 1021 779 dicuntur
1034 729 1129 798 partim
1141 729 1258 802 captivis,
1265 731 1357 802 partim
1367 747 1432 803 epro-

406 827 463 860 rum
474 811 552 860 annis
562 809 649 860 omati
656 847 664 872 ,
678 807 738 860 velit
748 807 851 878 gladios
862 827 969 880 quoquc
981 807 1139 878 intelligere,
1152 828 1207 860 non
1220 828 1372 880 repugnem:
1383 811 1431 878 sed,

407 890 469 960 quia
482 889 519 940 ibi
531 907 571 940 res
582 891 665 958 magis
680 889 793 941 refertur
809 887 841 940 nd
854 891 967 960 speciem
981 901 1129 954 externam,
1143 891 1310 941 manifestum
1324 905 1373 954 est,
1385 911 1432 943 ma-

406 971 475 1019 xime
487 980 594 1033 caetera,
605 967 710 1036 galeas,
722 981 813 1033 scuta,
825 981 875 1019 etc.
885 965 1006 1036 intelligi.
1017 965 1124 1018 Accedit
1137 969 1216 1018 etiam
1226 967 1295 1035 hoc,
1307 968 1386 1040 quod,
1396 969 1433 1020 ubi
1517 1021 1518 1026 ,

378 1089 380 1092 .
407 1047 478 1118 apud
492 1060 592 1100 veteres
609 1047 642 1098 dc
654 1066 788 1099 armorum
805 1061 899 1099 ornatu
915 1065 946 1099 ac
963 1046 1161 1118 pulchritudine
1177 1065 1263 1100 sermo
1279 1063 1331 1114 est,
1348 1051 1433 1120 repen'·
1517 1067 1518 1116 }

406 1146 480 1193 mus,
495 1125 613 1196 gladios,
630 1139 655 1178 et
667 1145 715 1192 ea,
732 1146 788 1198 quse
805 1140 865 1178 sunt
882 1127 917 1178 ad
929 1129 981 1179 vim
994 1125 1159 1192 faciendam,
1173 1147 1227 1179 non
1244 1131 1433 1180 commemorari.

407 1205 544 1276 Caligula,
554 1219 666 1259 auctore
675 1206 785 1272 Nostro,
794 1225 817 1258 c.
827 1207 860 1260 55
867 1245 876 1273 ,
891 1230 901 1254 ι
913 1207 1101 1259 mirmillonum
1109 1207 1360 1271 armaturasrecidit,
1370 1232 1379 1254 ι
1390 1211 1405 1258 i.
1413 1225 1432 1260 c.

405 1287 551 1350 imminuit,
567 1287 662 1337 minori
673 1288 792 1356 impensa
803 1284 938 1338 faciendas
950 1289 1059 1339 curavit.
1072 1285 1101 1337 ld
1114 1306 1167 1338 non
1180 1300 1233 1337 tnnr
1249 1287 1282 1338 de
1293 1285 1386 1356 gladio,
1397 1300 1434 1338 ant

407 1364 476 1430 telo,
491 1384 544 1436 quo
555 1368 593 1418 vis
606 1365 691 1432 lieret,
706 1365 920 1435 intelligendum,
936 1367 983 1442 sed
995 1367 1027 1420 de
1039 1381 1132 1418 caetero
1145 1382 1259 1433 ornatu,
1272 1367 1432 1440 planissimum
1517 1407 1518 1428 ,

407 1458 454 1496 est.
467 1445 533 1496 Vide
544 1444 577 1495 ad
589 1446 652 1496 Caes.
669 1465 692 1496 c.
707 1447 749 1516 67.
763 1445 878 1496 Omnino
892 1445 994 1498 nullum
1007 1445 1095 1499 adbuc
1108 1446 1195 1498 locum
1209 1447 1284 1498 video
1296 1465 1349 1499 esse
1361 1445 1434 1518 prola·

406 1537 480 1591 turn,
492 1524 537 1575 ubi
550 1524 631 1594 gladii
645 1539 671 1576 et
684 1524 734 1576 tela
750 1527 906 1596 seperatim,
922 1541 1031 1578 ornatus
1044 1540 1089 1577 aut
1103 1539 1316 1578 ornamentorum
1329 1529 1434 1590 nomine,
1517 1511 1518 1566 i

406 1603 537 1656 dicantur.
552 1606 631 1676 Atqui
648 1606 707 1657 talis
722 1605 797 1658 locus
811 1605 986 1674 desideratur,
998 1607 1031 1660 ad
1047 1607 1231 1679 probandum,
1246 1619 1388 1660 ornamento
1399 1605 1434 1656 hic
1517 1663 1518 1674 ,

406 1681 494 1736 locum
508 1683 615 1738 babere.
633 1688 740 1754 Quare,
755 1687 816 1757 quia
831 1685 874 1737 hic
890 1686 922 1740 de
937 1687 1029 1758 gladiis
1042 1686 1105 1740 'solis
1121 1701 1223 1752 sermo,
1239 1696 1383 1739 onramenta
1399 1685 1434 1736 lo·
1517 1753 1518 1768 ,

406 1785 466 1818 cunr
481 1785 535 1818 non
554 1766 668 1834 habent,
688 1767 735 1819 sed
743 1767 917 1839 ferramenta.
936 1772 973 1821 Ex
988 1767 1028 1821 his
1048 1770 1145 1838 poterit
1162 1767 1196 1820 ed
1210 1769 1298 1820 otnnia
1315 1766 1435 1835 erctnpla,
1517 1779 1518 1826 j

406 1863 463 1913 quae
478 1847 656 1915 proferuntur,
668 1844 708 1898 vel
725 1846 756 1897 ad
772 1845 844 1898 bunc
856 1846 959 1910 locum,
970 1847 1011 1898 rel
1025 1846 1058 1897 ab
1066 1847 1168 1916 Lipsio,
1183 1845 1217 1898 ad
1228 1845 1311 1898 Tacit.
1323 1847 1381 1898 Hist.
1392 1845 1434 1908 lli,

406 1923 455 1987 63,
466 1923 506 1975 vel
519 1923 551 1975 ab
561 1927 678 1989 Heinsio,
686 1925 718 1976 ad
729 1927 799 1995 Virg.
814 1925 916 1978 AEneid.
925 1927 987 1994 Xll,
1001 1925 1066 1992 344,
1076 1924 1277 1978 Drakenborch.
1287 1923 1320 1976 ad
1329 1921 1434 1976 eumdem
1517 1943 1518 1946 ¹

406 1999 521 2068 Livium,
533 2004 627 2070 xxtV,
638 2004 687 2072 48,
699 2003 862 2075 responderi.

413 2255 1430 2284 mmmmmwwwuumwwwwvwwwwwwuummmmm
1517 2247 1518 2254 ¹

709 2474 1025 2613 Excunsns
1055 2477 1147 2570 ΧΗ

599 2717 666 2786 ΑΒ
694 2717 1073 2805 DOMITIANUM,
1102 2717 1187 2787 CnP.
1219 2742 1252 2786 2.

875 2969 978 2981 ..ι-,ιιι

406 3137 558 3223 Rnnrcron
576 3190 601 3224 sc
616 3171 770 3246 participem
791 3171 900 3242 imperii.
919 3172 980 3222 Non
996 3168 1139 3242 pugnabo,
1156 3168 1302 3243 principem
1319 3167 1434 3240 imperiis

406 3249 534 3303 Suetonio
549 3253 646 3304 fuisse:
665 3267 784 3304 caetcrum
802 3250 873 3302 illam
891 3251 1030 3302 lectionem
1045 3270 1097 3302 non
1115 3265 1167 3302 tam
1185 3249 1338 3314 absurdam,
1352 3261 1378 3298 nt
1390 3248 1432 3296 risa

406 3343 459 3395 est,
474 3347 547 3401 puto.
561 3333 677 3398 Etenim,
691 3335 789 3404 primo,
802 3344 952 3383 consortem
965 3346 991 3383 et
1000 3333 1157 3402 participem
1169 3331 1273 3400 imperii
1284 3330 1355 3380 initio
1366 3345 1433 3397 agno·

405 3411 441 3460 rit
453 3412 527 3463 Titus
538 3435 543 3462 r
554 3413 612 3464 vide
624 3415 650 3463 in
662 3415 714 3464 Tit.
729 3431 786 3483 cap.
799 3429 824 3480 9.
838 3411 961 3463 Similiter
970 3411 1041 3482 apud
1056 3411 1255 3474 Philostratum,
1268 3411 1294 3460 in
1303 3410 1357 3460 Vita
1366 3403 1434 3477 Apol-

406 3487 484 3555 lonii,
494 3491 539 3542 lib.
552 3493 599 3557 v1,
612 3512 671 3564 cap.
681 3493 728 3558 32,
739 3491 835 3544 diserte
841 3511 956 3544 consors
964 3493 1068 3563 imperii
1080 3503 1197 3543 vocatur.
1208 3491 1371 3541 Domitianus
1380 3485 1434 3537 dici·

405 3566 449 3620 tui
460 3573 547 3621 Titum
562 3569 713 3632 sustulisse,
729 3572 754 3622 ον’
768 3569 796 3624 ri
809 3569 850 3638 ξύν
865 3573 957 3641 ednod
969 3571 1047 3641 ἅρχων
1059 3570 1129 3626 durii
1144 3567 1267 3637 inciperes
1274 3609 1283 3632 ,
1296 3565 1389 3621 duint
1400 3559 1434 3632 fit
1517 3579 1518 3626 j

404 3650 475 3717 πμᾷ
486 3648 525 3699 rud
542 3651 643 3717 χρηστῷ.
661 3653 749 3723 Atque
767 3649 794 3702 id
811 3647 973 3704 consortium
991 3651 1020 3704 ei
1032 3652 1186 3718 debebatur,
1204 3652 1265 3721 quin
1282 3649 1364 3701 Caesar
1377 3657 1432 3706 erat,
1517 3697 1518 3722 ,

406 3729 478 3801 quod
493 3743 548 3781 turn
564 3744 618 3781 erat
629 3749 725 3783 nomen
736 3733 848 3804 imperii.
859 3734 900 3786 Sic
910 3735 1076 3796 Lactantius,
1088 3732 1120 3783 de
1132 3734 1210 3783 Mort.
1224 3735 1326 3782 Persec.
1342 3746 1392 3798 cap.
1407 3741 1432 3794 72
1517 3737 1518 3778 l

399 3807 601 3862 ‘Dioctetianum
615 3809 692 3880 dicit,
707 3825 755 3865 tres
766 3813 906 3884 pranicipcs
919 3812 992 3884 repni
1001 3810 1149 3884 suifecisse,
1160 3811 1262 3862 etiamsi
1272 3817 1433 3860 unustantum
1517 3807 1519 3838 t

405 3891 556 3960 Augustus,
571 3890 625 3943 duo
638 3889 752 3944 cesares
767 3893 848 3944 lucre.
862 3893 1031 3944 Manifestum
1044 3910 1125 3964 porro
1138 3904 1193 3957 est,
1204 3889 1379 3941 Domitianum
1388 3900 1432 3934 non
1517 3923 1518 3934 ι

406 3972 601 4023 consortionem
614 3973 718 4044 imperii
730 3975 867 4044 quaesisse,
881 3986 926 4024 ant
935 3975 1061 4026 societate
1075 3972 1178 4044 imperii
1190 3981 1343 4022 contentum
1355 3967 1433 4024 luisse,

406 4047 453 4098 sed
462 4050 547 4101 solnm
558 4051 687 4121 imperare
697 4051 824 4117 voluisse,
837 4065 917 4122 atque
929 4045 1027 4123 primas
1039 4065 1142 4117 tenere,
1156 4063 1237 4122 atque
1248 4047 1299 4099 hac
1312 4046 1344 4098 de
1356 4057 1433 4096 caussa
1517 4041 1518 4092 j

405 4125 559 4182 sollicitasse
576 4133 713 4184 exercitus.
731 4131 824 4204 Neque
837 4131 968 4184 dubitavit
986 4133 1057 4203 ipse,
1075 4133 1132 4183 vivo
1149 4127 1238 4182 adbuc
1252 4129 1327 4188 Tito,
1341 4145 1366 4178 se
1378 4139 1432 4174 con·

406 4219 502 4258 sortem
513 4209 616 4281 imperii
626 4231 691 4266 esse.
702 4213 768 4264 Nam
780 4230 861 4282 quum
872 4210 974 4264 Flavius
984 4211 1109 4278 Sabinus,
1122 4209 1249 4283 patruelis
1260 4222 1286 4260 ct
1294 4206 1346 4257 Titi
1355 4218 1431 4276 generi
