<?xml version="1.0" encoding="UTF-8"?>
<!DOCTYPE html PUBLIC "-//W3C//DTD XHTML 1.0 Transitional//EN"
    "http://www.w3.org/TR/xhtml1/DTD/xhtml1-transitional.dtd">
<html xmlns="http://www.w3.org/1999/xhtml" xml:lang="en" lang="en">
 <head>
  <title>
</title>
<meta http-equiv="Content-Type" content="text/html;charset=utf-8" />
  <meta name='ocr-system' content='tesseract 3.04.00' />
  <meta name='ocr-capabilities' content='ocr_page ocr_carea ocr_par ocr_line ocrx_word'/>
</head>
<body>
  <div class='ocr_page' id='page_1' title='image "./csuetoniitranqu00suetgoog_0490.png"; bbox 0 0 3076 5146; ppageno 0'>
   <div class='ocr_carea' id='block_1_1' title="bbox 421 514 1438 736">
    <p class='ocr_par' dir='ltr' id='par_1_1' title="bbox 421 514 1438 736">
     <span class='ocr_line' id='line_1_1' title="bbox 421 514 1111 604; baseline -0.012 -18"><span class='ocrx_word' id='word_1_1' title='bbox 421 518 486 604; x_wconf 72' lang='lat'>452</span> <span class='ocrx_word' id='word_1_2' title='bbox 763 514 965 582; x_wconf 80' lang='grc' dir='ltr'><strong>ΗΟΒΔΤΙΙ</strong></span> <span class='ocrx_word' id='word_1_3' title='bbox 989 516 1111 581; x_wconf 82' lang='lat' dir='ltr'>VITA.</span> 
     </span>
     <span class='ocr_line' id='line_1_2' title="bbox 421 639 1438 736; baseline -0.007 -20"><span class='ocrx_word' id='word_1_4' title='bbox 421 647 519 716; x_wconf 89' lang='lat' dir='ltr'>nohis</span> <span class='ocrx_word' id='word_1_5' title='bbox 537 647 655 712; x_wconf 61' lang='lat' dir='ltr'>essert</span> <span class='ocrx_word' id='word_1_6' title='bbox 681 644 911 736; x_wconf 83' lang='lat' dir='ltr'>expressitque</span> <span class='ocrx_word' id='word_1_7' title='bbox 932 639 1111 733; x_wconf 74' lang='lat' dir='ltr'>eelogamr,</span> <span class='ocrx_word' id='word_1_8' title='bbox 1129 639 1226 734; x_wconf 87' lang='lat' dir='ltr'>cujus</span> <span class='ocrx_word' id='word_1_9' title='bbox 1243 644 1371 712; x_wconf 90' lang='lat' dir='ltr'>initium</span> <span class='ocrx_word' id='word_1_10' title='bbox 1382 661 1438 712; x_wconf 86' lang='lat' dir='ltr'>est:</span> 
     </span>
    </p>
   </div>
   <div class='ocr_carea' id='block_1_2' title="bbox 498 805 1306 1185">
    <p class='ocr_par' dir='ltr' id='par_1_2' title="bbox 498 805 1306 1185">
     <span class='ocr_line' id='line_1_3' title="bbox 499 805 1234 891; baseline -0.005 -17"><span class='ocrx_word' id='word_1_11' title='bbox 499 816 604 891; x_wconf 88' lang='lat' dir='ltr'>Quum</span> <span class='ocrx_word' id='word_1_12' title='bbox 617 823 665 871; x_wconf 91' lang='lat' dir='ltr'>tot</span> <span class='ocrx_word' id='word_1_13' title='bbox 678 805 842 871; x_wconf 84' lang='lat' dir='ltr'>sustineas8</span> <span class='ocrx_word' id='word_1_14' title='bbox 856 823 886 870; x_wconf 89' lang='lat' dir='ltr'>et</span> <span class='ocrx_word' id='word_1_15' title='bbox 899 823 985 870; x_wconf 89' lang='lat' dir='ltr'>tanta</span> <span class='ocrx_word' id='word_1_16' title='bbox 999 809 1123 891; x_wconf 77' lang='lat' dir='ltr'>negotia</span> <span class='ocrx_word' id='word_1_17' title='bbox 1137 811 1234 889; x_wconf 90' lang='lat' dir='ltr'>solus,</span> 
     </span>
     <span class='ocr_line' id='line_1_4' title="bbox 498 906 1170 981; baseline -0.006 -10"><span class='ocrx_word' id='word_1_18' title='bbox 498 913 555 971; x_wconf 85' lang='lat' dir='ltr'>Res</span> <span class='ocrx_word' id='word_1_19' title='bbox 567 909 658 969; x_wconf 90' lang='lat' dir='ltr'>Italas</span> <span class='ocrx_word' id='word_1_20' title='bbox 670 908 763 966; x_wconf 87' lang='lat' dir='ltr'>armis</span> <span class='ocrx_word' id='word_1_21' title='bbox 777 907 899 981; x_wconf 88' lang='lat' dir='ltr'>tuteris,</span> <span class='ocrx_word' id='word_1_22' title='bbox 911 906 1050 965; x_wconf 87' lang='lat' dir='ltr'>moribus</span> <span class='ocrx_word' id='word_1_23' title='bbox 1064 927 1170 980; x_wconf 86' lang='lat' dir='ltr'>ornes,</span> 
     </span>
     <span class='ocr_line' id='line_1_5' title="bbox 499 1003 1306 1088; baseline -0.004 -20"><span class='ocrx_word' id='word_1_24' title='bbox 499 1008 633 1088; x_wconf 81' lang='lat' dir='ltr'>Legibus</span> <span class='ocrx_word' id='word_1_25' title='bbox 644 1004 802 1078; x_wconf 82' lang='lat' dir='ltr'>emendes3</span> <span class='ocrx_word' id='word_1_26' title='bbox 814 1005 848 1063; x_wconf 93' lang='lat' dir='ltr'>in</span> <span class='ocrx_word' id='word_1_27' title='bbox 860 1005 984 1086; x_wconf 89' lang='lat' dir='ltr'>publica</span> <span class='ocrx_word' id='word_1_28' title='bbox 997 1003 1157 1064; x_wconf 88' lang='lat' dir='ltr'>commoda</span> <span class='ocrx_word' id='word_1_29' title='bbox 1171 1023 1306 1084; x_wconf 79' lang='lat' dir='ltr'>peccem,</span> 
     </span>
     <span class='ocr_line' id='line_1_6' title="bbox 500 1103 1272 1185; baseline -0.005 -19"><span class='ocrx_word' id='word_1_30' title='bbox 500 1107 531 1168; x_wconf 84' lang='lat' dir='ltr'>si</span> <span class='ocrx_word' id='word_1_31' title='bbox 547 1105 642 1185; x_wconf 83' lang='lat' dir='ltr'>longo</span> <span class='ocrx_word' id='word_1_32' title='bbox 656 1122 797 1164; x_wconf 81' lang='lat' dir='ltr'>sermone</span> <span class='ocrx_word' id='word_1_33' title='bbox 810 1121 913 1162; x_wconf 89' lang='lat' dir='ltr'>morer</span> <span class='ocrx_word' id='word_1_34' title='bbox 927 1115 980 1160; x_wconf 86' lang='lat' dir='ltr'>tua</span> <span class='ocrx_word' id='word_1_35' title='bbox 993 1115 1148 1183; x_wconf 88' lang='lat' dir='ltr'>tempora,</span> <span class='ocrx_word' id='word_1_36' title='bbox 1161 1103 1272 1162; x_wconf 64' lang='lat' dir='ltr'>Cesar.</span> 
     </span>
    </p>
   </div>
   <div class='ocr_carea' id='block_1_3' title="bbox 417 1272 1445 2582">
    <p class='ocr_par' dir='ltr' id='par_1_3' title="bbox 417 1272 1445 2582">
     <span class='ocr_line' id='line_1_7' title="bbox 418 1272 1442 1370; baseline -0.008 -20"><span class='ocrx_word' id='word_1_37' title='bbox 418 1274 718 1350; x_wconf 77' lang='lat' dir='ltr'>Horatius⁹habitu</span> <span class='ocrx_word' id='word_1_38' title='bbox 728 1275 876 1367; x_wconf 89' lang='lat' dir='ltr'>corporis</span> <span class='ocrx_word' id='word_1_39' title='bbox 884 1272 996 1341; x_wconf 90' lang='lat' dir='ltr'>brevis</span> <span class='ocrx_word' id='word_1_40' title='bbox 1008 1274 1082 1355; x_wconf 87' lang='lat' dir='ltr'>luit,</span> <span class='ocrx_word' id='word_1_41' title='bbox 1093 1291 1193 1367; x_wconf 89' lang='lat' dir='ltr'>atque</span> <span class='ocrx_word' id='word_1_42' title='bbox 1202 1273 1339 1342; x_wconf 90' lang='lat' dir='ltr'>obesus:</span> <span class='ocrx_word' id='word_1_43' title='bbox 1351 1273 1442 1370; x_wconf 86' lang='lat' dir='ltr'>qualis</span> 
     </span>
     <span class='ocr_line' id='line_1_8' title="bbox 419 1383 1444 1482; baseline -0.01 -22"><span class='ocrx_word' id='word_1_44' title='bbox 419 1418 439 1460; x_wconf 91' lang='lat' dir='ltr'>a</span> <span class='ocrx_word' id='word_1_45' title='bbox 455 1415 491 1459; x_wconf 89' lang='lat' dir='ltr'>se</span> <span class='ocrx_word' id='word_1_46' title='bbox 505 1393 577 1482; x_wconf 91' lang='lat' dir='ltr'>ipso</span> <span class='ocrx_word' id='word_1_47' title='bbox 594 1389 674 1453; x_wconf 92' lang='lat' dir='ltr'>etin</span> <span class='ocrx_word' id='word_1_48' title='bbox 691 1387 803 1454; x_wconf 88' lang='lat' dir='ltr'>Satiris</span> <span class='ocrx_word' id='word_1_49' title='bbox 820 1383 1034 1466; x_wconf 84' lang='lat' dir='ltr'>describitur,</span> <span class='ocrx_word' id='word_1_50' title='bbox 1052 1398 1085 1451; x_wconf 93' lang='lat' dir='ltr'>et</span> <span class='ocrx_word' id='word_1_51' title='bbox 1098 1383 1140 1451; x_wconf 87' lang='lat' dir='ltr'>ab</span> <span class='ocrx_word' id='word_1_52' title='bbox 1155 1391 1304 1476; x_wconf 72' lang='lat' dir='ltr'>Augusto</span> <span class='ocrx_word' id='word_1_53' title='bbox 1318 1385 1378 1454; x_wconf 90' lang='lat' dir='ltr'>hac</span> <span class='ocrx_word' id='word_1_54' title='bbox 1390 1389 1444 1477; x_wconf 92' lang='lat' dir='ltr'>epi-</span> 
     </span>
     <span class='ocr_line' id='line_1_9' title="bbox 418 1492 1444 1589; baseline -0.009 -19"><span class='ocrx_word' id='word_1_55' title='bbox 418 1500 520 1571; x_wconf 90' lang='lat' dir='ltr'>stola:</span> <span class='ocrx_word' id='word_1_56' title='bbox 543 1493 710 1566; x_wconf 78' lang='lat' dir='ltr'>«Pertulit</span> <span class='ocrx_word' id='word_1_57' title='bbox 724 1494 767 1561; x_wconf 91' lang='lat' dir='ltr'>ad</span> <span class='ocrx_word' id='word_1_58' title='bbox 784 1519 836 1560; x_wconf 92' lang='lat' dir='ltr'>me</span> <span class='ocrx_word' id='word_1_59' title='bbox 857 1496 1036 1585; x_wconf 80' lang='lat' dir='ltr'>Dionysius</span> <span class='ocrx_word' id='word_1_60' title='bbox 1054 1492 1204 1562; x_wconf 90' lang='lat' dir='ltr'>libellum</span> <span class='ocrx_word' id='word_1_61' title='bbox 1224 1512 1337 1578; x_wconf 90' lang='lat' dir='ltr'>tuum,</span> <span class='ocrx_word' id='word_1_62' title='bbox 1358 1519 1444 1589; x_wconf 91' lang='lat' dir='ltr'>quern</span> 
     </span>
     <span class='ocr_line' id='line_1_10' title="bbox 418 1601 1443 1704; baseline -0.009 -24"><span class='ocrx_word' id='word_1_63' title='bbox 418 1635 498 1704; x_wconf 81' lang='lat' dir='ltr'>ega,</span> <span class='ocrx_word' id='word_1_64' title='bbox 514 1624 553 1676; x_wconf 89' lang='lat' dir='ltr'>ut</span> <span class='ocrx_word' id='word_1_65' title='bbox 568 1629 723 1673; x_wconf 84' lang='lat' dir='ltr'>accusem</span> <span class='ocrx_word' id='word_1_66' title='bbox 737 1620 784 1684; x_wconf 89' lang='lat' dir='ltr'>te,</span> <span class='ocrx_word' id='word_1_67' title='bbox 801 1601 1119 1699; x_wconf 87' lang='lat' dir='ltr'>quantuluscunque</span> <span class='ocrx_word' id='word_1_68' title='bbox 1134 1620 1199 1687; x_wconf 90' lang='lat' dir='ltr'>est,</span> <span class='ocrx_word' id='word_1_69' title='bbox 1215 1604 1296 1673; x_wconf 90' lang='lat' dir='ltr'>boui</span> <span class='ocrx_word' id='word_1_70' title='bbox 1308 1605 1443 1673; x_wconf 89' lang='lat' dir='ltr'>consulo.</span> 
     </span>
     <span class='ocr_line' id='line_1_11' title="bbox 417 1712 1444 1808; baseline -0.008 -19"><span class='ocrx_word' id='word_1_71' title='bbox 417 1723 534 1789; x_wconf 88' lang='lat' dir='ltr'>Vereri</span> <span class='ocrx_word' id='word_1_72' title='bbox 554 1735 667 1785; x_wconf 88' lang='lat' dir='ltr'>autern</span> <span class='ocrx_word' id='word_1_73' title='bbox 688 1715 770 1782; x_wconf 91' lang='lat' dir='ltr'>mibi</span> <span class='ocrx_word' id='word_1_74' title='bbox 790 1713 931 1795; x_wconf 91' lang='lat' dir='ltr'>videris,</span> <span class='ocrx_word' id='word_1_75' title='bbox 952 1738 996 1781; x_wconf 92' lang='lat' dir='ltr'>ne</span> <span class='ocrx_word' id='word_1_76' title='bbox 1017 1712 1160 1808; x_wconf 87' lang='lat' dir='ltr'>majores</span> <span class='ocrx_word' id='word_1_77' title='bbox 1181 1715 1285 1784; x_wconf 91' lang='lat' dir='ltr'>libelli</span> <span class='ocrx_word' id='word_1_78' title='bbox 1306 1719 1354 1784; x_wconf 91' lang='lat' dir='ltr'>tui</span> <span class='ocrx_word' id='word_1_79' title='bbox 1374 1718 1444 1797; x_wconf 89' lang='lat' dir='ltr'>sint,</span> 
     </span>
     <span class='ocr_line' id='line_1_12' title="bbox 418 1822 1445 1930; baseline -0.007 -31"><span class='ocrx_word' id='word_1_80' title='bbox 418 1855 520 1930; x_wconf 89' lang='lat' dir='ltr'>quarn</span> <span class='ocrx_word' id='word_1_81' title='bbox 534 1831 606 1920; x_wconf 91' lang='lat' dir='ltr'>ipse</span> <span class='ocrx_word' id='word_1_82' title='bbox 623 1850 669 1894; x_wconf 93' lang='lat' dir='ltr'>es.</span> <span class='ocrx_word' id='word_1_83' title='bbox 686 1824 748 1892; x_wconf 92' lang='lat' dir='ltr'>Sed</span> <span class='ocrx_word' id='word_1_84' title='bbox 761 1827 789 1892; x_wconf 89' lang='lat' dir='ltr'>si</span> <span class='ocrx_word' id='word_1_85' title='bbox 801 1823 860 1890; x_wconf 90' lang='lat' dir='ltr'>tibi</span> <span class='ocrx_word' id='word_1_86' title='bbox 877 1840 1004 1892; x_wconf 84' lang='lat' dir='ltr'>statura</span> <span class='ocrx_word' id='word_1_87' title='bbox 1016 1822 1125 1907; x_wconf 87' lang='lat' dir='ltr'>deest,</span> <span class='ocrx_word' id='word_1_88' title='bbox 1139 1825 1375 1917; x_wconf 87' lang='lat' dir='ltr'>corpusculum</span> <span class='ocrx_word' id='word_1_89' title='bbox 1387 1850 1445 1892; x_wconf 91' lang='lat' dir='ltr'>non</span> 
     </span>
     <span class='ocr_line' id='line_1_13' title="bbox 418 1932 1445 2030; baseline -0.01 -20"><span class='ocrx_word' id='word_1_90' title='bbox 418 1943 523 2011; x_wconf 86' lang='lat' dir='ltr'>deest.</span> <span class='ocrx_word' id='word_1_91' title='bbox 540 1943 657 2030; x_wconf 87' lang='lat' dir='ltr'>Itaque</span> <span class='ocrx_word' id='word_1_92' title='bbox 671 1933 784 2001; x_wconf 91' lang='lat' dir='ltr'>licebit</span> <span class='ocrx_word' id='word_1_93' title='bbox 795 1935 832 1999; x_wconf 89' lang='lat' dir='ltr'>in</span> <span class='ocrx_word' id='word_1_94' title='bbox 844 1932 1019 2001; x_wconf 85' lang='lat' dir='ltr'>sextariolo</span> <span class='ocrx_word' id='word_1_95' title='bbox 1030 1943 1054 1972; x_wconf 86' lang='lat'>¹⁰</span> <span class='ocrx_word' id='word_1_96' title='bbox 1069 1934 1212 2018; x_wconf 87' lang='lat' dir='ltr'>scribas;</span> <span class='ocrx_word' id='word_1_97' title='bbox 1225 1961 1332 2029; x_wconf 89' lang='lat' dir='ltr'>quum</span> <span class='ocrx_word' id='word_1_98' title='bbox 1345 1937 1445 2004; x_wconf 89' lang='lat' dir='ltr'>circui·</span> 
     </span>
     <span class='ocr_line' id='line_1_14' title="bbox 417 2045 1442 2136; baseline -0.009 -15"><span class='ocrx_word' id='word_1_99' title='bbox 417 2069 472 2120; x_wconf 90' lang='lat' dir='ltr'>tus</span> <span class='ocrx_word' id='word_1_100' title='bbox 489 2047 668 2116; x_wconf 88' lang='lat' dir='ltr'>voluminis</span> <span class='ocrx_word' id='word_1_101' title='bbox 683 2047 730 2110; x_wconf 92' lang='lat' dir='ltr'>tui</span> <span class='ocrx_word' id='word_1_102' title='bbox 746 2047 788 2111; x_wconf 88' lang='lat' dir='ltr'>sit</span> <span class='ocrx_word' id='word_1_103' title='bbox 801 2057 1002 2136; x_wconf 69' lang='grc' dir='ltr'><strong><em>ὁγκωδὲστατος,</em></strong></span> <span class='ocrx_word' id='word_1_104' title='bbox 1017 2047 1103 2110; x_wconf 87' lang='lat' dir='ltr'>sicut</span> <span class='ocrx_word' id='word_1_105' title='bbox 1116 2061 1167 2110; x_wconf 86' lang='lat' dir='ltr'>est</span> <span class='ocrx_word' id='word_1_106' title='bbox 1180 2045 1354 2112; x_wconf 86' lang='lat' dir='ltr'>ventriculi</span> <span class='ocrx_word' id='word_1_107' title='bbox 1367 2047 1442 2112; x_wconf 74' lang='lat' dir='ltr'>tui.»</span> 
     </span>
     <span class='ocr_line' id='line_1_15' title="bbox 418 2152 1445 2248; baseline -0.008 -17"><span class='ocrx_word' id='word_1_108' title='bbox 418 2163 469 2231; x_wconf 86' lang='lat' dir='ltr'>Ad</span> <span class='ocrx_word' id='word_1_109' title='bbox 489 2184 542 2228; x_wconf 86' lang='lat' dir='ltr'>res</span> <span class='ocrx_word' id='word_1_110' title='bbox 562 2163 731 2224; x_wconf 87' lang='lat' dir='ltr'>Venereas</span> <span class='ocrx_word' id='word_1_111' title='bbox 753 2155 1027 2247; x_wconf 78' lang='lat' dir='ltr'>intemperantior</span> <span class='ocrx_word' id='word_1_112' title='bbox 1048 2152 1199 2222; x_wconf 87' lang='lat' dir='ltr'>traditur.</span> <span class='ocrx_word' id='word_1_113' title='bbox 1223 2157 1327 2244; x_wconf 84' lang='lat' dir='ltr'>[Nam</span> <span class='ocrx_word' id='word_1_114' title='bbox 1347 2180 1445 2248; x_wconf 90' lang='lat' dir='ltr'>specu·</span> 
     </span>
     <span class='ocr_line' id='line_1_16' title="bbox 418 2263 1445 2360; baseline -0.009 -19"><span class='ocrx_word' id='word_1_115' title='bbox 418 2274 486 2341; x_wconf 88' lang='lat' dir='ltr'>lato</span> <span class='ocrx_word' id='word_1_116' title='bbox 504 2265 659 2338; x_wconf 89' lang='lat' dir='ltr'>cubiculo</span> <span class='ocrx_word' id='word_1_117' title='bbox 675 2280 786 2333; x_wconf 82' lang='lat' dir='ltr'>scorta</span> <span class='ocrx_word' id='word_1_118' title='bbox 801 2264 922 2331; x_wconf 89' lang='lat' dir='ltr'>dicitur</span> <span class='ocrx_word' id='word_1_119' title='bbox 937 2263 1093 2332; x_wconf 90' lang='lat' dir='ltr'>habuisse</span> <span class='ocrx_word' id='word_1_120' title='bbox 1107 2264 1285 2358; x_wconf 88' lang='lat' dir='ltr'>disposita,</span> <span class='ocrx_word' id='word_1_121' title='bbox 1305 2283 1359 2349; x_wconf 93' lang='lat' dir='ltr'>ut,</span> <span class='ocrx_word' id='word_1_122' title='bbox 1376 2289 1445 2360; x_wconf 92' lang='lat' dir='ltr'>quo-</span> 
     </span>
     <span class='ocr_line' id='line_1_17' title="bbox 419 2373 1444 2476; baseline -0.008 -26"><span class='ocrx_word' id='word_1_123' title='bbox 419 2405 553 2476; x_wconf 88' lang='lat' dir='ltr'>cunque</span> <span class='ocrx_word' id='word_1_124' title='bbox 579 2378 796 2470; x_wconf 84' lang='lat' dir='ltr'>respexisset,</span> <span class='ocrx_word' id='word_1_125' title='bbox 820 2373 865 2440; x_wconf 82' lang='lat' dir='ltr'>tbi</span> <span class='ocrx_word' id='word_1_126' title='bbox 890 2376 919 2440; x_wconf 90' lang='lat' dir='ltr'>ei</span> <span class='ocrx_word' id='word_1_127' title='bbox 945 2377 1055 2466; x_wconf 73' lang='lat' dir='ltr'>imago</span> <span class='ocrx_word' id='word_1_128' title='bbox 1080 2378 1187 2442; x_wconf 91' lang='lat' dir='ltr'>coitus</span> <span class='ocrx_word' id='word_1_129' title='bbox 1212 2375 1444 2464; x_wconf 84' lang='lat' dir='ltr'>referretur¹¹.]</span> 
     </span>
     <span class='ocr_line' id='line_1_18' title="bbox 418 2485 1445 2582; baseline -0.009 -23"><span class='ocrx_word' id='word_1_130' title='bbox 418 2495 507 2559; x_wconf 84' lang='lat' dir='ltr'>Vixit</span> <span class='ocrx_word' id='word_1_131' title='bbox 523 2490 705 2582; x_wconf 90' lang='lat' dir='ltr'>plurimum</span> <span class='ocrx_word' id='word_1_132' title='bbox 721 2487 755 2549; x_wconf 92' lang='lat' dir='ltr'>in</span> <span class='ocrx_word' id='word_1_133' title='bbox 768 2507 901 2550; x_wconf 88' lang='lat' dir='ltr'>secessu</span> <span class='ocrx_word' id='word_1_134' title='bbox 916 2487 1001 2550; x_wconf 86' lang='lat' dir='ltr'>ruris</span> <span class='ocrx_word' id='word_1_135' title='bbox 1017 2486 1068 2551; x_wconf 92' lang='lat' dir='ltr'>sui</span> <span class='ocrx_word' id='word_1_136' title='bbox 1080 2485 1190 2553; x_wconf 89' lang='lat' dir='ltr'>Sabini</span> <span class='ocrx_word' id='word_1_137' title='bbox 1205 2504 1263 2552; x_wconf 89' lang='lat' dir='ltr'>aut</span> <span class='ocrx_word' id='word_1_138' title='bbox 1276 2487 1445 2554; x_wconf 88' lang='lat' dir='ltr'>Tiburtini:</span> 
     </span>
    </p>
   </div>
   <div class='ocr_carea' id='block_1_4' title="bbox 419 2591 1447 3349">
    <p class='ocr_par' dir='ltr' id='par_1_4' title="bbox 419 2591 1447 3349">
     <span class='ocr_line' id='line_1_19' title="bbox 419 2591 1445 2690; baseline -0.005 -22"><span class='ocrx_word' id='word_1_139' title='bbox 419 2600 607 2690; x_wconf 92' lang='lat' dir='ltr'>domusque</span> <span class='ocrx_word' id='word_1_140' title='bbox 626 2592 698 2687; x_wconf 86' lang='lat' dir='ltr'>ejus</span> <span class='ocrx_word' id='word_1_141' title='bbox 718 2591 904 2660; x_wconf 88' lang='lat' dir='ltr'>ostenditur</span> <span class='ocrx_word' id='word_1_142' title='bbox 919 2595 1007 2661; x_wconf 82' lang='lat' dir='ltr'>circa</span> <span class='ocrx_word' id='word_1_143' title='bbox 1023 2595 1164 2661; x_wconf 88' lang='lat' dir='ltr'>Tiburni</span> <span class='ocrx_word' id='word_1_144' title='bbox 1181 2594 1344 2664; x_wconf 90' lang='lat' dir='ltr'>luculum.</span> <span class='ocrx_word' id='word_1_145' title='bbox 1357 2603 1445 2664; x_wconf 85' lang='lat' dir='ltr'>Vene-</span> 
     </span>
     <span class='ocr_line' id='line_1_20' title="bbox 420 2701 1445 2800; baseline -0.006 -22"><span class='ocrx_word' id='word_1_146' title='bbox 420 2727 500 2778; x_wconf 89' lang='lat' dir='ltr'>runt</span> <span class='ocrx_word' id='word_1_147' title='bbox 515 2711 551 2774; x_wconf 90' lang='lat' dir='ltr'>iu</span> <span class='ocrx_word' id='word_1_148' title='bbox 565 2724 684 2771; x_wconf 89' lang='lat' dir='ltr'>manus</span> <span class='ocrx_word' id='word_1_149' title='bbox 701 2726 792 2770; x_wconf 89' lang='lat' dir='ltr'>meas</span> <span class='ocrx_word' id='word_1_150' title='bbox 809 2719 842 2769; x_wconf 89' lang='lat' dir='ltr'>et</span> <span class='ocrx_word' id='word_1_151' title='bbox 857 2702 950 2792; x_wconf 70' lang='lat' dir='ltr'>Elegi</span> <span class='ocrx_word' id='word_1_152' title='bbox 966 2704 1028 2770; x_wconf 90' lang='lat' dir='ltr'>sub</span> <span class='ocrx_word' id='word_1_153' title='bbox 1045 2701 1117 2797; x_wconf 82' lang='lat' dir='ltr'>ejus</span> <span class='ocrx_word' id='word_1_154' title='bbox 1134 2703 1248 2789; x_wconf 90' lang='lat' dir='ltr'>titulo,</span> <span class='ocrx_word' id='word_1_155' title='bbox 1267 2723 1301 2772; x_wconf 91' lang='lat' dir='ltr'>et</span> <span class='ocrx_word' id='word_1_156' title='bbox 1316 2705 1445 2800; x_wconf 83' lang='lat' dir='ltr'>Epistola</span> 
     </span>
     <span class='ocr_line' id='line_1_21' title="bbox 419 2813 1444 2917; baseline -0.006 -28"><span class='ocrx_word' id='word_1_157' title='bbox 419 2845 521 2917; x_wconf 86' lang='lat' dir='ltr'>prosa</span> <span class='ocrx_word' id='word_1_158' title='bbox 541 2818 709 2895; x_wconf 90' lang='lat' dir='ltr'>oratione,</span> <span class='ocrx_word' id='word_1_159' title='bbox 731 2816 826 2907; x_wconf 87' lang='lat' dir='ltr'>quasi</span> <span class='ocrx_word' id='word_1_160' title='bbox 846 2813 1110 2883; x_wconf 89' lang='lat' dir='ltr'>commendantis</span> <span class='ocrx_word' id='word_1_161' title='bbox 1132 2841 1168 2884; x_wconf 92' lang='lat' dir='ltr'>se</span> <span class='ocrx_word' id='word_1_162' title='bbox 1188 2823 1376 2885; x_wconf 85' lang='lat' dir='ltr'>Maecenati:</span> <span class='ocrx_word' id='word_1_163' title='bbox 1397 2814 1444 2883; x_wconf 90' lang='lat' dir='ltr'>sed</span> 
     </span>
     <span class='ocr_line' id='line_1_22' title="bbox 420 2922 1445 3024; baseline -0.007 -24"><span class='ocrx_word' id='word_1_164' title='bbox 420 2948 562 3024; x_wconf 84' lang='lat' dir='ltr'>utraque</span> <span class='ocrx_word' id='word_1_165' title='bbox 578 2924 660 2992; x_wconf 86' lang='lat' dir='ltr'>falsa</span> <span class='ocrx_word' id='word_1_166' title='bbox 678 2941 772 3015; x_wconf 91' lang='lat' dir='ltr'>put0.</span> <span class='ocrx_word' id='word_1_167' title='bbox 791 2927 876 2990; x_wconf 87' lang='lat' dir='ltr'>Nam</span> <span class='ocrx_word' id='word_1_168' title='bbox 896 2922 987 3015; x_wconf 79' lang='lat' dir='ltr'>Elegi</span> <span class='ocrx_word' id='word_1_169' title='bbox 1004 2923 1178 3016; x_wconf 78' lang='lat' dir='ltr'>vulgares,</span> <span class='ocrx_word' id='word_1_170' title='bbox 1197 2927 1345 3018; x_wconf 84' lang='lat' dir='ltr'>Epistola</span> <span class='ocrx_word' id='word_1_171' title='bbox 1361 2930 1445 2993; x_wconf 82' lang='lat' dir='ltr'>etiarn</span> 
     </span>
     <span class='ocr_line' id='line_1_23' title="bbox 420 3033 1446 3128; baseline -0.007 -19"><span class='ocrx_word' id='word_1_172' title='bbox 420 3039 582 3109; x_wconf 89' lang='lat' dir='ltr'>obscura:</span> <span class='ocrx_word' id='word_1_173' title='bbox 605 3057 673 3128; x_wconf 94' lang='lat' dir='ltr'>quo</span> <span class='ocrx_word' id='word_1_174' title='bbox 697 3035 776 3100; x_wconf 90' lang='lat' dir='ltr'>vitio</span> <span class='ocrx_word' id='word_1_175' title='bbox 797 3036 934 3100; x_wconf 90' lang='lat' dir='ltr'>minime</span> <span class='ocrx_word' id='word_1_176' title='bbox 958 3033 1144 3103; x_wconf 88' lang='lat' dir='ltr'>tenebatur.</span> <span class='ocrx_word' id='word_1_177' title='bbox 1170 3041 1274 3103; x_wconf 85' lang='lat' dir='ltr'>Natus</span> <span class='ocrx_word' id='word_1_178' title='bbox 1297 3053 1347 3106; x_wconf 90' lang='lat' dir='ltr'>est</span> <span class='ocrx_word' id='word_1_179' title='bbox 1367 3053 1446 3104; x_wconf 89' lang='lat' dir='ltr'>sexto</span> 
     </span>
     <span class='ocr_line' id='line_1_24' title="bbox 421 3144 1447 3241; baseline -0.006 -23"><span class='ocrx_word' id='word_1_180' title='bbox 421 3151 502 3218; x_wconf 92' lang='lat' dir='ltr'>Idus</span> <span class='ocrx_word' id='word_1_181' title='bbox 519 3144 734 3228; x_wconf 89' lang='lat' dir='ltr'>Decembres,</span> <span class='ocrx_word' id='word_1_182' title='bbox 754 3145 856 3210; x_wconf 90' lang='lat' dir='ltr'>Lucio</span> <span class='ocrx_word' id='word_1_183' title='bbox 873 3149 983 3225; x_wconf 90' lang='lat' dir='ltr'>Cotta,</span> <span class='ocrx_word' id='word_1_184' title='bbox 1003 3159 1036 3210; x_wconf 93' lang='lat' dir='ltr'>et</span> <span class='ocrx_word' id='word_1_185' title='bbox 1052 3147 1155 3212; x_wconf 90' lang='lat' dir='ltr'>Lucio</span> <span class='ocrx_word' id='word_1_186' title='bbox 1174 3151 1360 3241; x_wconf 84' lang='lat' dir='ltr'>Torquato,</span> <span class='ocrx_word' id='word_1_187' title='bbox 1377 3151 1447 3213; x_wconf 86' lang='lat' dir='ltr'>Con·</span> 
     </span>
     <span class='ocr_line' id='line_1_25' title="bbox 420 3251 1447 3349; baseline -0.008 -20"><span class='ocrx_word' id='word_1_188' title='bbox 420 3259 549 3330; x_wconf 90' lang='lat' dir='ltr'>sulibus</span> <span class='ocrx_word' id='word_1_189' title='bbox 562 3264 598 3324; x_wconf 87' lang='lat'>¹².</span> <span class='ocrx_word' id='word_1_190' title='bbox 625 3255 775 3323; x_wconf 88' lang='lat' dir='ltr'>Decessit</span> <span class='ocrx_word' id='word_1_191' title='bbox 799 3257 919 3349; x_wconf 90' lang='lat' dir='ltr'>quinto</span> <span class='ocrx_word' id='word_1_192' title='bbox 944 3251 1111 3322; x_wconf 87' lang='lat' dir='ltr'>Kalendas</span> <span class='ocrx_word' id='word_1_193' title='bbox 1138 3255 1357 3342; x_wconf 88' lang='lat' dir='ltr'>Decembres,</span> <span class='ocrx_word' id='word_1_194' title='bbox 1380 3259 1447 3323; x_wconf 76' lang='lat' dir='ltr'>Caio</span> 
     </span>
    </p>
   </div>
   <div class='ocr_carea' id='block_1_5' title="bbox 419 3475 1451 4262">
    <p class='ocr_par' dir='ltr' id='par_1_5' title="bbox 420 3475 1448 3632">
     <span class='ocr_line' id='line_1_26' title="bbox 457 3475 1448 3550; baseline -0.001 -20"><span class='ocrx_word' id='word_1_195' title='bbox 457 3498 482 3549; x_wconf 85' lang='lat'>7.</span> <span class='ocrx_word' id='word_1_196' title='bbox 503 3477 637 3550; x_wconf 75' lang='lat' dir='ltr'>Ecloqam.</span> <span class='ocrx_word' id='word_1_197' title='bbox 657 3480 695 3529; x_wconf 85' lang='lat' dir='ltr'>lta</span> <span class='ocrx_word' id='word_1_198' title='bbox 708 3491 768 3548; x_wconf 84' lang='lat' dir='ltr'>post</span> <span class='ocrx_word' id='word_1_199' title='bbox 782 3475 848 3530; x_wconf 82' lang='lat' dir='ltr'>alios</span> <span class='ocrx_word' id='word_1_200' title='bbox 864 3479 921 3532; x_wconf 91' lang='lat' dir='ltr'>Ou·</span> <span class='ocrx_word' id='word_1_201' title='bbox 964 3481 1156 3543; x_wconf 78' lang='lat' dir='ltr'>neccsssrium3</span> <span class='ocrx_word' id='word_1_202' title='bbox 1171 3478 1219 3533; x_wconf 85' lang='lat' dir='ltr'>sed</span> <span class='ocrx_word' id='word_1_203' title='bbox 1232 3483 1363 3533; x_wconf 74' lang='lat' dir='ltr'>redecima</span> <span class='ocrx_word' id='word_1_204' title='bbox 1376 3491 1448 3530; x_wconf 81' lang='lat' dir='ltr'>muta·</span> 
     </span>
     <span class='ocr_line' id='line_1_27' title="bbox 420 3553 1304 3632; baseline -0.002 -20"><span class='ocrx_word' id='word_1_205' title='bbox 420 3556 500 3612; x_wconf 81' lang='lat' dir='ltr'>dend.</span> <span class='ocrx_word' id='word_1_206' title='bbox 513 3569 538 3607; x_wconf 90' lang='lat' dir='ltr'>et</span> <span class='ocrx_word' id='word_1_207' title='bbox 548 3555 670 3607; x_wconf 82' lang='lat' dir='ltr'>Wollius.</span> <span class='ocrx_word' id='word_1_208' title='bbox 681 3553 767 3626; x_wconf 68' lang='lat' dir='ltr'>Vulgo</span> <span class='ocrx_word' id='word_1_209' title='bbox 780 3555 900 3630; x_wconf 70' lang='lat' dir='ltr'>eloqium.</span> <span class='ocrx_word' id='word_1_210' title='bbox 964 3558 1001 3610; x_wconf 87' lang='lat' dir='ltr'>tio</span> <span class='ocrx_word' id='word_1_211' title='bbox 1016 3559 1099 3629; x_wconf 88' lang='lat' dir='ltr'>inepti</span> <span class='ocrx_word' id='word_1_212' title='bbox 1113 3577 1192 3632; x_wconf 84' lang='lat' dir='ltr'>quum</span> <span class='ocrx_word' id='word_1_213' title='bbox 1204 3561 1232 3612; x_wconf 87' lang='lat' dir='ltr'>in</span> <span class='ocrx_word' id='word_1_214' title='bbox 1244 3577 1304 3632; x_wconf 82' lang='lat' dir='ltr'>quo.</span> 
     </span>
    </p>

    <p class='ocr_par' dir='ltr' id='par_1_6' title="bbox 420 3633 1450 3783">
     <span class='ocr_line' id='line_1_28' title="bbox 457 3633 1449 3709; baseline -0.006 -19"><span class='ocrx_word' id='word_1_215' title='bbox 457 3639 482 3690; x_wconf 83' lang='lat'>8.</span> <span class='ocrx_word' id='word_1_216' title='bbox 495 3639 579 3707; x_wconf 83' lang='lat' dir='ltr'>Quum</span> <span class='ocrx_word' id='word_1_217' title='bbox 588 3637 766 3703; x_wconf 82' lang='lat' dir='ltr'>totsrsstineas‚</span> <span class='ocrx_word' id='word_1_218' title='bbox 778 3651 827 3688; x_wconf 88' lang='lat' dir='ltr'>etc.</span> <span class='ocrx_word' id='word_1_219' title='bbox 837 3638 918 3708; x_wconf 80' lang='lat' dir='ltr'>Epist.</span> <span class='ocrx_word' id='word_1_220' title='bbox 1003 3652 1042 3688; x_wconf 86' lang='lat' dir='ltr'>tr.</span> <span class='ocrx_word' id='word_1_221' title='bbox 1062 3639 1133 3688; x_wconf 85' lang='lat' dir='ltr'>Nam</span> <span class='ocrx_word' id='word_1_222' title='bbox 1147 3638 1305 3709; x_wconf 80' lang='lat' dir='ltr'>speculato...</span> <span class='ocrx_word' id='word_1_223' title='bbox 1318 3633 1449 3706; x_wconf 79' lang='lat' dir='ltr'>referretur.</span> 
     </span>
     <span class='ocr_line' id='line_1_29' title="bbox 420 3714 1450 3783; baseline -0.001 -17"><span class='ocrx_word' id='word_1_224' title='bbox 420 3719 457 3781; x_wconf 82' lang='grc' dir='ltr'>ΙΙ,</span> <span class='ocrx_word' id='word_1_225' title='bbox 474 3733 496 3766; x_wconf 90' lang='lat' dir='ltr'>r.</span> <span class='ocrx_word' id='word_1_226' title='bbox 964 3715 1061 3769; x_wconf 85' lang='lat' dir='ltr'>Eadem</span> <span class='ocrx_word' id='word_1_227' title='bbox 1072 3719 1188 3782; x_wconf 84' lang='lat' dir='ltr'>Seneca,</span> <span class='ocrx_word' id='word_1_228' title='bbox 1202 3721 1261 3770; x_wconf 83' lang='lat' dir='ltr'>Nat.</span> <span class='ocrx_word' id='word_1_229' title='bbox 1272 3717 1368 3783; x_wconf 74' lang='lat' dir='ltr'>Quaest.</span> <span class='ocrx_word' id='word_1_230' title='bbox 1378 3719 1399 3780; x_wconf 85' lang='lat'>1,</span> <span class='ocrx_word' id='word_1_231' title='bbox 1411 3714 1450 3776; x_wconf 83' lang='lat'>16,</span> 
     </span>
    </p>

    <p class='ocr_par' dir='ltr' id='par_1_7' title="bbox 421 3791 1451 3946">
     <span class='ocr_line' id='line_1_30' title="bbox 456 3791 1451 3868; baseline 0 -24"><span class='ocrx_word' id='word_1_232' title='bbox 456 3813 481 3863; x_wconf 88' lang='lat'>9.</span> <span class='ocrx_word' id='word_1_233' title='bbox 501 3793 631 3845; x_wconf 84' lang='lat' dir='ltr'>Horatius.</span> <span class='ocrx_word' id='word_1_234' title='bbox 649 3791 748 3862; x_wconf 77' lang='lat' dir='ltr'>Vulgo,</span> <span class='ocrx_word' id='word_1_235' title='bbox 768 3792 841 3843; x_wconf 88' lang='lat' dir='ltr'>Idem</span> <span class='ocrx_word' id='word_1_236' title='bbox 860 3793 918 3844; x_wconf 83' lang='lat' dir='ltr'>Ho-</span> <span class='ocrx_word' id='word_1_237' title='bbox 962 3795 995 3847; x_wconf 92' lang='lat' dir='ltr'>de</span> <span class='ocrx_word' id='word_1_238' title='bbox 1008 3799 1099 3849; x_wconf 84' lang='lat' dir='ltr'>Hostia</span> <span class='ocrx_word' id='word_1_239' title='bbox 1115 3798 1245 3868; x_wconf 90' lang='lat' dir='ltr'>quodam,</span> <span class='ocrx_word' id='word_1_240' title='bbox 1260 3797 1330 3848; x_wconf 90' lang='lat' dir='ltr'>unde</span> <span class='ocrx_word' id='word_1_241' title='bbox 1341 3797 1390 3848; x_wconf 90' lang='lat' dir='ltr'>buc</span> <span class='ocrx_word' id='word_1_242' title='bbox 1403 3808 1451 3846; x_wconf 92' lang='lat' dir='ltr'>tur·</span> 
     </span>
     <span class='ocr_line' id='line_1_31' title="bbox 421 3875 1451 3946; baseline 0 -21"><span class='ocrx_word' id='word_1_243' title='bbox 421 3875 508 3926; x_wconf 85' lang='lat' dir='ltr'>ratius.</span> <span class='ocrx_word' id='word_1_244' title='bbox 961 3876 1451 3946; x_wconf 64' lang='lat' dir='ltr'>piter·intrusa‚,dudumviridocti,qui</span> 
     </span>
    </p>

    <p class='ocr_par' dir='ltr' id='par_1_8' title="bbox 419 3947 1450 4262">
     <span class='ocr_line' id='line_1_32' title="bbox 458 3947 1449 4029; baseline -0.001 -24"><span class='ocrx_word' id='word_1_245' title='bbox 458 3971 498 4005; x_wconf 81' lang='grc' dir='ltr'>ιο,</span> <span class='ocrx_word' id='word_1_246' title='bbox 509 3953 540 4002; x_wconf 86' lang='lat' dir='ltr'>Iu</span> <span class='ocrx_word' id='word_1_247' title='bbox 549 3948 694 4002; x_wconf 82' lang='lat' dir='ltr'>sextariolo.</span> <span class='ocrx_word' id='word_1_248' title='bbox 704 3947 812 4003; x_wconf 86' lang='lat' dir='ltr'>Salmas.</span> <span class='ocrx_word' id='word_1_249' title='bbox 823 3950 855 4002; x_wconf 85' lang='lat' dir='ltr'>de</span> <span class='ocrx_word' id='word_1_250' title='bbox 864 3953 918 4004; x_wconf 89' lang='lat' dir='ltr'>Mo·</span> <span class='ocrx_word' id='word_1_251' title='bbox 963 3959 1085 4026; x_wconf 86' lang='lat' dir='ltr'>scriptori</span> <span class='ocrx_word' id='word_1_252' title='bbox 1104 3973 1196 4009; x_wconf 88' lang='lat' dir='ltr'>nostro</span> <span class='ocrx_word' id='word_1_253' title='bbox 1211 3977 1286 4029; x_wconf 82' lang='lat' dir='ltr'>teque</span> <span class='ocrx_word' id='word_1_254' title='bbox 1304 3975 1336 4010; x_wconf 83' lang='lat' dir='ltr'>ao</span> <span class='ocrx_word' id='word_1_255' title='bbox 1351 3955 1449 4007; x_wconf 83' lang='lat' dir='ltr'>Horatio</span> 
     </span>
     <span class='ocr_line' id='line_1_33' title="bbox 419 4029 1337 4105; baseline 0.002 -21"><span class='ocrx_word' id='word_1_256' title='bbox 419 4033 453 4084; x_wconf 90' lang='lat' dir='ltr'>do</span> <span class='ocrx_word' id='word_1_257' title='bbox 464 4035 541 4083; x_wconf 88' lang='lat' dir='ltr'>Usur.</span> <span class='ocrx_word' id='word_1_258' title='bbox 556 4047 614 4101; x_wconf 70' lang='lat' dir='ltr'>pag.</span> <span class='ocrx_word' id='word_1_259' title='bbox 627 4029 692 4094; x_wconf 73' lang='lat' dir='ltr'>los,</span> <span class='ocrx_word' id='word_1_260' title='bbox 704 4031 833 4097; x_wconf 85' lang='lat' dir='ltr'>conjecit:</span> <span class='ocrx_word' id='word_1_261' title='bbox 849 4033 919 4082; x_wconf 74' lang='lat' dir='ltr'>«lra-</span> <span class='ocrx_word' id='word_1_262' title='bbox 963 4034 1165 4102; x_wconf 83' lang='lat' dir='ltr'>copsulusruut,</span> <span class='ocrx_word' id='word_1_263' title='bbox 1175 4035 1337 4105; x_wconf 71' lang='lat' dir='ltr'>judicavere</span> 
     </span>
     <span class='ocr_line' id='line_1_34' title="bbox 420 4105 1450 4181; baseline 0.006 -21"><span class='ocrx_word' id='word_1_264' title='bbox 420 4129 470 4180; x_wconf 94' lang='lat' dir='ltr'>que</span> <span class='ocrx_word' id='word_1_265' title='bbox 478 4109 566 4161; x_wconf 88' lang='lat' dir='ltr'>licebit</span> <span class='ocrx_word' id='word_1_266' title='bbox 576 4109 603 4158; x_wconf 90' lang='lat' dir='ltr'>in</span> <span class='ocrx_word' id='word_1_267' title='bbox 612 4106 721 4160; x_wconf 80' lang='lat' dir='ltr'>sextario</span> <span class='ocrx_word' id='word_1_268' title='bbox 731 4105 917 4175; x_wconf 78' lang='lat' dir='ltr'>illusserilrere,</span> <span class='ocrx_word' id='word_1_269' title='bbox 1002 4131 1040 4165; x_wconf 83' lang='lat' dir='ltr'>rn.</span> <span class='ocrx_word' id='word_1_270' title='bbox 1060 4115 1138 4165; x_wconf 80' lang='lat' dir='ltr'>Lucio</span> <span class='ocrx_word' id='word_1_271' title='bbox 1155 4115 1244 4181; x_wconf 81' lang='lat' dir='ltr'>Cotta,</span> <span class='ocrx_word' id='word_1_272' title='bbox 1261 4129 1286 4169; x_wconf 84' lang='lat' dir='ltr'>et</span> <span class='ocrx_word' id='word_1_273' title='bbox 1301 4115 1379 4167; x_wconf 83' lang='lat' dir='ltr'>Lucio</span> <span class='ocrx_word' id='word_1_274' title='bbox 1392 4113 1450 4165; x_wconf 80' lang='lat' dir='ltr'>Tor·</span> 
     </span>
     <span class='ocr_line' id='line_1_35' title="bbox 420 4187 1448 4262; baseline 0.002 -24"><span class='ocrx_word' id='word_1_275' title='bbox 420 4208 470 4259; x_wconf 84' lang='lat' dir='ltr'>quo</span> <span class='ocrx_word' id='word_1_276' title='bbox 489 4190 628 4252; x_wconf 84' lang='lat' dir='ltr'>circuitus,</span> <span class='ocrx_word' id='word_1_277' title='bbox 650 4201 722 4238; x_wconf 73' lang='lat' dir='ltr'>etc.»</span> <span class='ocrx_word' id='word_1_278' title='bbox 745 4187 811 4239; x_wconf 80' lang='lat' dir='ltr'>lllutl</span> <span class='ocrx_word' id='word_1_279' title='bbox 832 4191 917 4242; x_wconf 89' lang='lat' dir='ltr'>rninus</span> <span class='ocrx_word' id='word_1_280' title='bbox 962 4201 1053 4262; x_wconf 86' lang='lat' dir='ltr'>quoto,</span> <span class='ocrx_word' id='word_1_281' title='bbox 1067 4191 1231 4254; x_wconf 67' lang='lat' dir='ltr'>Consulibuss</span> <span class='ocrx_word' id='word_1_282' title='bbox 1244 4196 1273 4246; x_wconf 77' lang='grc' dir='ltr'>Α.</span> <span class='ocrx_word' id='word_1_283' title='bbox 1290 4197 1323 4246; x_wconf 89' lang='lat' dir='ltr'>U.</span> <span class='ocrx_word' id='word_1_284' title='bbox 1337 4191 1398 4261; x_wconf 82' lang='grc'><strong>689;</strong></span> <span class='ocrx_word' id='word_1_285' title='bbox 1410 4189 1448 4241; x_wconf 87' lang='lat' dir='ltr'>de-</span> 
     </span>
    </p>
   </div>
   <div class='ocr_carea' id='block_1_6' title="bbox 0 0 1547 5146">
    <p class='ocr_par' dir='ltr' id='par_1_9' title="bbox 0 0 1547 5146">
     <span class='ocr_line' id='line_1_36' title="bbox 0 0 1547 5146; baseline 0 0"><span class='ocrx_word' id='word_1_286' title='bbox 0 0 1547 5146; x_wconf 95' lang='lat' dir='ltr'> </span> 
     </span>
    </p>
   </div>
  </div>
 </body>
</html>
