3054 5152
367 509 430 562 teo
735 493 772 556 C.
797 487 1029 558 SUETONll

406 621 507 685 XXV.
533 619 713 710 Equestres
726 614 874 684 milities¹
890 617 935 682 ita
949 615 1132 700 ordinavit,
1148 633 1186 684 ut
1198 636 1275 710 post
1287 617 1413 686 cohor»

360 745 447 810 tent,
460 725 572 811 -alam3
594 743 671 820 post
689 724 794 809 elam,
815 725 1022 794 tribunatum
1042 724 1184 818 legionis
1204 727 1322 795 daret:
1346 731 1409 795 sti-

360 836 568 932 pendiaque²
585 839 745 921 instituit,
764 855 798 905 et
812 839 1015 930 imaginariae
1030 836 1293 932 militiaegenus,
1311 837 1410 934 quod

359 964 500 1016 vocetur
519 948 622 1043 Supra
642 971 822 1029 numerent,
843 965 912 1042 quo
931 945 1103 1031 absentes,
1126 965 1160 1016 et
1182 947 1281 1016 titulo
1302 963 1409 1015 tenus

359 1059 589 1152 iungerentur.
614 1057 738 1128 Milites
761 1059 881 1128 domus
906 1060 1088 1126 senatorias
1111 1057 1281 1127 salutandi
1301 1080 1408 1128 cause

360 1169 506 1262 ingredi,
522 1172 622 1237 etiam
633 1174 769 1236 Pettrum
781 1166 914 1236 decreto
928 1168 1109 1260 prohibuit.
1125 1169 1332 1253 LibertinoS,
1345 1172 1409 1264 qui

361 1305 396 1350 se
409 1306 473 1374 pro
485 1280 659 1375 Equitibus
671 1283 832 1348 Romanis
843 1295 995 1372 agerent,
1009 1279 1201 1374 publicavit.
1213 1279 1407 1375 ³Ingratos,

360 1408 394 1458 et
412 1389 455 1459 de
473 1389 596 1485 quibus
613 1393 747 1484 patroni
767 1406 998 1485 quererentur,
1018 1394 1186 1460 revocavit
1203 1394 1238 1459 in
1259 1394 1408 1458 servitu-

359 1521 446 1585 tem3
464 1502 701 1596 advocatisque
723 1525 840 1570 eorum
856 1503 1006 1594 negavit,
1028 1526 1064 1571 se
1084 1502 1245 1571 adversus
1264 1501 1407 1571 libertos

359 1616 529 1708 ipsorumt
547 1612 604 1708 jus
625 1613 802 1682 dicturum.
823 1618 936 1700 Quum
960 1613 1096 1707 quidem
1117 1637 1207 1706 aegra
1229 1631 1264 1682 et
1282 1613 1408 1681 affectu

360 1727 526 1818 mancipio
545 1727 581 1792 in
599 1725 744 1794 insulam
763 1722 941 1816 AEsculapii
958 1723 1058 1792 taedio
1079 1722 1235 1793 medendi
1256 1746 1409 1816 expone·

360 1831 470 1920 rent⁵,
485 1835 619 1922 omnes,
631 1840 690 1932 qui
703 1853 967 1930 exponerentur,
978 1837 1104 1907 liberos
1113 1859 1187 1906 esse
1196 1841 1325 1919 sensit,
1340 1861 1407 1906 nec
1516 1859 1519 1866 ⁴

360 2047 447 2102 adhue
463 2048 501 2102 tle·
509 2051 651 2104 Latinitate
670 2048 749 2122 hujus
764 2043 861 2101 dictio·
903 2047 948 2102 dia
965 2061 1012 2121 per
1032 2061 1119 2103 c'ertos
1138 2065 1221 2102 annos
1238 2060 1411 2120 meruerant,

360 2130 409 2180 nis.
418 2131 560 2197 Quae'enim
568 2131 733 2182 Burmannus
743 2125 860 2199 exemplu
904 2129 935 2179 iis
951 2123 1003 2180 boc
1017 2128 1206 2201 imputabitur,
1221 2141 1348 2198 tanquam
1359 2129 1407 2196 jn·

362 2209 510 2278 congessit,
528 2201 617 2262 locum
636 2209 755 2261 nondum
767 2207 862 2260 defen·
904 2220 970 2260 stam
980 2205 1098 2261 militiam
1112 2207 1238 2280 peridem
1251 2220 1357 2277 ternpus
1369 2205 1411 2256 fe-

361 2285 443 2352 dum,
458 2303 539 2356 quum
558 2285 660 2339 nullum
674 2288 707 2340 sit
720 2287 806 2358 juncti
824 2286 860 2337 ita
904 2287 1010 2340 cissent.
1028 2289 1090 2340 Mox
1105 2290 1338 2359 Supmoumemm
1353 2302 1408 2355 pro

363 2367 504 2419 accusativi
516 2380 542 2419 et
554 2368 722 2433 nominativi,
738 2365 810 2438 quod
821 2379 862 2418 est
904 2365 989 2438 Super
995 2386 1131 2419 numerum
1141 2365 1313 2418 confirmatur
1322 2365 1409 2415 veteri

362 2445 575 2515 contrecujttsvis
583 2444 677 2516 lingue
686 2443 798 2516 regulas.
806 2443 861 2495 Stat
905 2464 1001 2508 numo,
1014 2465 1092 2517 quem
1102 2445 1189 2499 attulit
1197 2443 1366 2509 Torrentius,
1379 2455 1409 2495 ot

361 2522 735 2594 igitursententia,le{3endum
744 2523 860 2588 Cbaucii,
905 2523 965 2576 loco
976 2526 1103 2592 Neronis,
1116 2544 1139 2577 o.
1156 2524 1196 2577 15.

361 2599 402 2650 vel
416 2598 565 2652 Glauciam.
580 2600 669 2668 Longe
682 2597 733 2651 'ulio
747 2619 787 2651 res
806 2613 860 2666 est,
941 2602 967 2655 3.
985 2605 1120 2679 Ingratos,
1141 2617 1190 2656 etc·
1210 2603 1274 2653 Rem
1292 2597 1411 2654 illustra!

363 2677 410 2729 nbi
426 2676 480 2731 dno
498 2689 560 2730 sunt
575 2677 745 2741 nominativi,
762 2691 791 2728 ut
806 2676 860 2728 niv.
905 2681 971 2750 Dio,
983 2685 1043 2748 LX,
1062 2683 1092 2736 13
1105 2697 1130 2735 et
1143 2683 1190 2746 28,
1205 2679 1282 2751 cujus
1296 2678 1411 2754 quidem

363 2754 470 2824 XXXV,
485 2757 534 2824 24,
552 2756 677 2826 «utrique
693 2773 785 2807 eorum
797 2755 863 2809 Sali—
906 2761 1002 2830 verba,
1025 2777 1052 2816 ot
1071 2774 1142 2813 recte
1162 2759 1260 2812 sentire
1277 2755 1349 2829 Li'ps.
1372 2753 1411 2810 etl

364 2846 443 2885 nator
461 2850 609 2904 cognomen
629 2845 722 2899 erat„
744 2831 863 2902 locisque
905 2841 990 2891 Tacit,
1005 2838 1100 2892 Annal,
1114 2835 1191 2904 XIII,
1206 2837 1251 2903 26,
1264 2851 1345 2908 atque
1359 2836 1409 2887 Er-

364 2909 502 2964 similibus.
906 2929 973 2968 nest.
993 2917 1028 2969 ad
1044 2917 1071 2968 li.
1089 2917 1107 2969 l.
1128 2907 1287 2980 ostendunt,
1301 2913 1412 2967 Claudii

399 2993 481 3046 XXV.
497 3010 519 3045 t.
531 2993 664 3066 Equestres
676 2991 797 3056 militias,
811 3005 861 3044 eto.
906 2994 1039 3067 peculiare
1053 2995 1105 3048 boe
1116 2993 1198 3048 fuisse
1209 2997 1236 3046 in
1251 2995 1336 3046 causis
1348 2996 1409 3065 qui-

363 3069 416 3122 hoc
437 3083 490 3140 est,
510 3070 607 3142 gradus
629 3069 768 3137 militares,
793 3088 862 3142 quos
905 3074 1017 3127 busdam
1028 3074 1170 3145 judicium,
1185 3092 1239 3126 non
1255 3072 1339 3142 legem
1355 3091 1411 3144 pu-

363 3149 471 3220 Equites
490 3150 618 3214 Romani,
641 3150 688 3220 qui
705 3147 862 3215 jamdudum
904 3153 971 3206 blice
986 3157 1128 3218 sancitam,
1146 3166 1172 3204 et
1187 3149 1256 3203 male
1271 3149 1379 3202 extrudi
1391 3171 1407 3203 tr

278 3221 280 3224 ’
340 3228 431 3279 ‘inter
444 3229 576 3298 gregarios
588 3227 700 3278 militare
715 3225 862 3292 desierant,
905 3232 1038 3285 nonnullis
1055 3241 1160 3303 etpost
1175 3233 1306 3304 Inqmtos,
1323 3248 1407 3300 quum

363 3320 556 3375 percurrerent,
564 3308 600 3357 ita
612 3305 756 3370 constitnit,
768 3319 797 3356 ut
809 3307 861 3376 pri·
904 3309 1016 3372 modus,
1036 3328 1089 3380 qno
1105 3311 1222 3380 ingratos
1238 3325 1264 3360 se
1281 3307 1407 3360 ostende·

364 3403 436 3435 mum
462 3384 632 3435 Centuriones
656 3395 743 3434 essent
765 3381 860 3433 cohor·
905 3401 977 3455 rant,
998 3385 1094 3439 diserte
1116 3385 1308 3456 distinguetur,
1327 3388 1407 3437 varie

363 3465 439 3529 tium,
450 3461 510 3513 inde
520 3462 564 3514 alre
578 3465 698 3534 equitum
714 3465 860 3531 sociorum,
905 3478 992 3517 antem
1003 3465 1059 3517 alise
1068 3482 1154 3516 cause
1167 3483 1223 3516 esse
1232 3476 1354 3536 possent,
1369 3462 1407 3514 ob

363 3541 604 3616 quibusnnioeillo
619 3555 736 3613 tempore
750 3541 860 3594 uteban-
905 3565 969 3618 quos
993 3548 1099 3619 patroni
1123 3543 1156 3598 de
1181 3543 1283 3597 libertis
1308 3563 1408 3616 quere·

361 3633 405 3674 tur
433 3621 545 3672 Rotnani
574 3623 665 3690 (conf.
690 3621 724 3672 std
747 3625 859 3691 August.
903 3638 1001 3676 rentur.

361 3721 421 3772 cap.
435 3699 484 3760 38,
499 3699 610 3750 maxime
627 3715 703 3770 quem
720 3699 756 3750 ibi
771 3699 860 3750 citavi·
939 3701 1404 3774 4.Aduersuslibertosipsommncil.

360 3801 436 3845 utus,
452 3777 583 3830 scholium
602 3777 637 3829 ad
654 3778 779 3852 Hygin.)‚
793 3798 858 3850 prae·
903 3784 925 3836 si
937 3785 1030 3854 ingrati
1046 3781 1083 3833 illi
1097 3795 1198 3849 essent,
1215 3795 1240 3833 et
1255 3783 1307 3852 ipsi
1324 3780 1358 3834 d'e
1370 3784 1405 3834 iis

360 3860 508 3920 iterentur,
523 3854 627 3907 tandem
643 3855 803 3907 tribunatum
815 3873 856 3908 to·
903 3874 1084 3932 quererentur.

360 3939 411 3992 tius
423 3935 533 4006 legionis
546 3937 704 4006 acciperent.
937 3939 961 3992 5.
984 3941 1070 4008 Quum
1084 3938 1221 4010 quidam...
1235 3949 1403 4009 exponerent.

395 4035 418 4068 α.
437 4013 636 4088 Stipendiaque5
654 4013 708 4066 scil.
729 4014 856 4089 imaqt'na·
901 4017 1117 4083 Gonf.Di0,LX,
1136 4034 1185 4085 29,
1197 4015 1404 4068 ubiFsbric.De

358 4098 409 4162 ria,
420 4093 451 4148 e'x
462 4093 632 4166 sequentibus
642 4095 804 4168 imaginarie
811 4099 856 4148 mi·
902 4095 987 4149 insuta
1002 4095 1147 4169 AEsculapii
1165 4094 1223 4149 ride
1239 4095 1296 4146 Liv.
1313 4095 1353 4162 n,
1368 4095 1405 4162 5,

359 4173 422 4226 litia·
430 4191 518 4247 penus.
529 4175 582 4242 Qui
594 4174 747 4245 imsginnrio
758 4177 855 4246 stipsn-
901 4191 925 4228 et
937 4177 1006 4246 Epir.
1020 4177 1074 4228 niv.
1086 4175 1130 4226 Xl.
