3066 5148
477 549 734 614 nationes.
1090 575 1133 641 29

3 713 5 730 ν
88 674 261 744 dtissimus
280 674 448 768 quisque,
470 689 503 740 et
522 671 704 741 ambitione
723 690 756 741 et
773 670 952 742 licitatione
968 679 1134 758 maxima,

89 784 204 855 vicibus
222 785 482 878 comparabant.
502 788 628 854 Hostiae
643 802 740 853 erant
752 784 1013 880 phoenieopteri,
1032 813 1135 882 pavo·

88 921 156 978 nes,
167 911 362 980 tetraonas,
377 895 583 980 Numidicas,
600 895 838 989 meleagrides,
856 897 1045 990 phasianae,
1058 922 1135 994 quae

3 1015 4 1100 ξ
88 1009 265 1101 generatim
288 1031 352 1102 per
372 1006 524 1099 singulos
543 1003 615 1074 dies
633 1006 900 1076 immolarentur.
920 1014 962 1076 Et
980 1010 1135 1078 noctibus

3 1135 5 1195 ξ
88 1118 219 1214 quidem
231 1117 372 1213 plenam
386 1117 640 1213 fulgentemque
652 1118 769 1186 lunam
781 1103 942 1188 invitabat
956 1119 1136 1189 assiduein

3 1239 4 1262 ¹
88 1229 259 1322 amplexus
273 1247 378 1324 atque
398 1230 666 1299 concubitum¹²2
687 1229 833 1298 interdiu
851 1255 932 1300 vero
946 1256 1024 1300 cum
1041 1235 1137 1325 Capi-

3 1419 4 1422 ¹
88 1340 184 1410 telino
194 1346 285 1410 Jove
295 1339 320 1380 ¹³
338 1359 468 1410 secreto
484 1341 711 1426 fabulabatur,
730 1341 832 1411 modo
848 1346 1083 1427 insusurrans,
1098 1369 1137 1412 ac

3 1535 5 1556 ,
88 1451 238 1546 praebens
253 1455 400 1521 invicem
413 1476 548 1537 aurem,
565 1453 667 1522 modo
682 1453 825 1537 clarius,
839 1479 904 1522 nec
917 1457 989 1523 sine
1004 1452 1136 1547 jurgiis.

89 1568 165 1632 Nam
177 1588 248 1632 vox
259 1565 498 1632 comminantis
511 1563 626 1632 audita
638 1580 705 1632 est:

3 1657 4 1672 '
379 1662 769 1761 'ap’aatpnttyoaet

3 1773 4 1780 ἵ
90 1787 191 1856 donec
205 1803 389 1870 exoratus,
406 1803 446 1854 ut
463 1785 646 1869 referebat,
663 1803 697 1854 et
715 1789 751 1853 in
769 1788 1030 1856 contubernium
1047 1786 1139 1855 ultro

91 1903 246 1967 invitatus
256 1953 266 1980 ,
278 1923 384 1993 super
395 1898 559 1991 templum
570 1900 645 1966 Divi
659 1901 800 1992 Augusti
811 1916 914 1991 ponte
925 1903 1137 1982 transmisso,

3 2077 4 2102 ,
91 2007 252 2078 Palatium
277 2008 547 2102 Capitoliumque
575 2004 759 2100 conjunxit.
789 2012 889 2091 Mox,
913 2031 981 2102 quo
1001 2011 1140 2102 propior
1203 2000 1206 2008 ’

3 2119 4 2148 ³
93 2135 191 2202 esset,
206 2121 337 2186 inarea
347 2118 535 2211 Capitolina
549 2140 645 2186 novae
660 2117 780 2186 domus
794 2115 1014 2186 fiandamcnta
1024 2116 1114 2211 jecit.

133 2237 257 2300 XXIII.
284 2233 441 2324 Agrippae
456 2255 492 2300 se
507 2240 684 2325 nepotem¹
699 2255 811 2327 neque
825 2231 935 2314 credi,
952 2255 1063 2327 neque
1075 2232 1141 2300 dici

3 2475 5 2484 ’
96 2471 126 2534 ii,
136 2468 182 2540 qni
194 2470 314 2540 primum
323 2467 411 2522 locum
422 2482 514 2522 teuent
524 2472 594 2523 inter
637 2469 748 2536 XXVII,
759 2485 801 2536 20,
810 2471 1019 2541 prestantissimi
1026 2468 1142 2522 editores

3 2547 4 2592 ἶ
97 2545 242 2600 acerdotes
253 2549 312 2600 Deo
324 2550 441 2620 cuipiam
451 2568 594 2603 consecra·
638 2567 729 2602 omnes
756 2548 955 2616 exhibuerunt,
984 2551 1143 2602 auctoritate

3 2655 5 2682 t
97 2639 148 2688 ¹⁰⁵3
158 2624 231 2678 unde
242 2627 420 2700 magisterium
432 2626 529 2681 dicitur
536 2630 595 2701 ipse
638 2629 750 2680 maxime
765 2627 881 2680 duorum
893 2627 1032 2696 locorum,
1049 2647 1143 2702 quam-

96 2703 165 2758 loeus
183 2719 211 2757 et
224 2723 339 2766 munns;
358 2704 384 2758 b.
404 2705 422 2756 l.
441 2704 594 2778 pluraliter,
641 2725 719 2778 quarn
738 2707 829 2780 paullo
849 2707 1028 2770 diversorum
1049 2709 1143 2760 Dionis

3 2783 4 2860 J
97 2789 151 2858 quia
163 2805 213 2860 per
222 2785 291 2839 vt'ees
303 2784 371 2837 obiri
384 2785 501 2854 solebat,
511 2805 596 2858 quum
640 2805 754 2860 nempe,
770 2806 829 2859 cap.
845 2789 894 2852 αδ,
906 2787 969 2853 ubi,
984 2788 1143 2842 fulminante

3 2871 5 2942 g
97 2868 175 2935 ipsum
194 2863 374 2917 sacerdotium
385 2878 539 2938 perpetuum
554 2886 597 2920 es·
640 2869 815 2940 Jove,quum
827 2881 853 2919 et
864 2869 921 2939 ipse
930 2869 1009 2922 Caius
1020 2866 1144 2921 machina

96 2958 139 2997 set.
152 2945 193 2996 CI.
206 2945 279 3015 Lips.
295 2943 330 2995 ad
343 2944 427 2997 Tacit.
440 2948 490 3012 v1,
506 2962 553 3013 12,
569 2961 596 2999 et
640 2943 755 3015 quadam
768 2961 863 2998 contra
873 2948 1050 3015 jacularetur,
1061 2948 1144 3000 excla-

96 3021 204 3075 Casaub.
215 3023 249 3075 ad
259 3023 402 3094 capitolin.
413 3026 450 3075 M.
460 3025 559 3077 Antan.
570 3044 594 3079 c.
640 3035 694 3073 mat
704 3042 736 3074 ex
745 3025 876 3090 Homero,
885 3023 960 3078 lliad.
971 3025 1068 3092 XXIII,
1078 3025 1145 3094 724,
1165 3059 1167 3070 ι

97 3103 168 3170 elle
179 3105 290 3173 ingente
299 3106 428 3175 pecunia,
442 3123 521 3175 quam
532 3105 595 3158 dare
636 3097 668 3150 'H
681 3099 710 3164 μ’
726 3099 826 3170 dudunt,
840 3099 914 3168 tigal
924 3101 968 3167 ri,
983 3117 1010 3156 et
1022 3104 1154 3178 Senecae,¹

3 3213 4 3216 =
96 3181 259 3252 cogebantur
282 3200 332 3252 pro
358 3181 400 3232 bis
422 3184 596 3253 magisteriis,
641 3176 1144 3249 delta,l,cap.ult.,aCaiusCaesar,

97 3259 150 3312 ride
164 3262 248 3311 Dion.
265 3277 345 3331 supra
360 3261 405 3314 cit.
421 3273 448 3312 et
461 3259 554 3314 Claud.
569 3279 596 3330 9.
641 3260 723 3310 iratus
734 3258 811 3324 caelo,
823 3259 896 3331 quod
907 3259 1072 3332 obstreperet
1081 3281 1145 3334 pan·

130 3356 170 3391 ra.
185 3338 291 3390 Lunam
302 3339 456 3390 invitabat...
470 3339 527 3391 itt...
537 3358 597 3392 con·
641 3337 770 3404 tomimis,
787 3356 855 3409 quos
871 3338 1026 3392 imitabatur
1041 3339 1145 3394 studio-

3 3469 4 3488 ,
95 3419 214 3470 alitam.
230 3419 272 3472 cf.
286 3419 353 3483 Dio,
364 3418 437 3482 LIX,
451 3417 493 3470 26.
642 3417 696 3467 sins
709 3435 788 3487 quam
801 3418 953 3489 spectabat,
966 3419 1092 3493 quodque
1104 3441 1147 3474 co·

130 3498 170 3550 13.
192 3498 258 3550 Cum
279 3498 427 3568 Capitolino
444 3498 527 3564 Jove,
546 3509 597 3548 etc.
642 3494 1145 3564 messatiosuafulminibusterreretur,

3 3605 4 3616 .
96 3576 134 3630 cf,
147 3577 216 3638 Dio,
230 3594 291 3646 cap.
306 3577 349 3627 28.
642 3591 752 3644 prorsus
766 3592 860 3645 parum
873 3575 965 3642 certis,
980 3575 1014 3628 ad
1028 3596 1145 3649 pugnam

3 3705 5 3728 ,
132 3657 171 3723 14.
183 3658 257 3708 Nam
273 3673 352 3706 vox...
367 3645 457 3706 audita
470 3651 562 3708 ests'H
570 3653 598 3721 μ’
641 3655 860 3719 vocavitJovem,
871 3654 1011 3724 etquidem
1019 3657 1075 3707 sine
1083 3659 1146 3709 mis-

3 3731 4 3734 Ἴ
97 3736 191 3806 hertf,
209 3731 224 3786 a*
240 3734 289 3802 ipsi
307 3723 343 3786 el.
371 3737 432 3786 Haec
451 3733 529 3788 verba
547 3754 597 3806 pro
642 3732 1145 3798 sione,Homericumillumexelamans

3 3845 4 3860 1
98 3817 139 3882 ils,
151 3835 209 3888 quae
219 3817 246 3866 in
257 3813 389 3867 editiones
400 3813 478 3886 vulgo
491 3827 598 3885 recepta
643 3826 747 3861 versum
756 3809 800 3877 ,Ἦ
806 3809 833 3875 μ’
842 3807 940 3879 drittp',
948 3809 1017 3878 illyri
1025 3810 1143 3881 oi,etc.»

3 3917 4 3964 3
97 3894 305 3963 teutfindus
319 3889 503 3964 usserman
516 3914 554 3956 u,
568 3913 599 3946 ex
678 3888 770 3940 XXIII·
795 3905 815 3940 ι,
830 3890 993 3963 Agrippa...
1009 3903 1128 3964 nepotem
1136 3917 1145 3956 ,-

98 3977 220 4045 optimis,
235 3972 406 4046 quiquidem
421 3972 513 4025 Graeca
526 3971 600 4024 exhi·
644 3985 675 4019 ex
684 3980 767 4019 matre
776 3969 933 4040 Agrippina.
945 3972 1048 4023 Dicitur
1057 3985 1146 4024 autem

99 4051 172 4119 bant,
181 4051 268 4105 Godd.
279 4051 343 4103 buic
353 4049 415 4102 loco
423 4051 601 4118 restituenda,
643 4050 760 4120 Agrippa
770 4050 855 4102 Tacit.
866 4052 931 4118 1,3,
943 4052 1065 4126 ignobilis
1074 4053 1145 4115 locor

99 4145 234 4203 postquam
248 4147 379 4182 censuere
390 4129 535 4195 Victorius,
547 4129 599 4182 Ca·
642 4129 710 4181 Vell.
721 4132 745 4181 ll
752 4169 761 4194 ,
774 4130 823 4199 96,
835 4152 846 4178 ι
856 4133 997 4184 novitatem
1008 4133 1097 4185 multis
1106 4151 1146 4184 re-

99 4211 179 4280 σύρει.
189 4211 216 4261 in
226 4209 312 4261 Cicer.
322 4208 410 4278 Epist.
420 4206 454 4259 ad
462 4208 515 4259 Att.
525 4209 599 4276 XVI,
644 4208 694 4262 bus
708 4207 897 4276 nobilitante,
908 4233 920 4258 ι
937 4211 998 4264 coll.
1011 4231 1070 4284 cap.
1087 4229 1144 4282 127.

99 4289 128 4356 6,
137 4287 506 4358 etTurneb.Advers.XXII,
515 4288 601 4358 31,et
645 4289 736 4343 Senee.
747 4291 873 4344 Controv.
886 4289 968 4359 11,t,
984 4291 1088 4344 aTanta
1101 4309 1148 4344 au·
