<?xml version="1.0" encoding="UTF-8"?>
<!DOCTYPE html PUBLIC "-//W3C//DTD XHTML 1.0 Transitional//EN"
    "http://www.w3.org/TR/xhtml1/DTD/xhtml1-transitional.dtd">
<html xmlns="http://www.w3.org/1999/xhtml" xml:lang="en" lang="en">
 <head>
  <title>
</title>
<meta http-equiv="Content-Type" content="text/html;charset=utf-8" />
  <meta name='ocr-system' content='tesseract 3.04.00' />
  <meta name='ocr-capabilities' content='ocr_page ocr_carea ocr_par ocr_line ocrx_word'/>
</head>
<body>
  <div class='ocr_page' id='page_1' title='image "./csuetoniitranqu00suetgoog_0062.png"; bbox 0 0 3066 5148; ppageno 0'>
   <div class='ocr_carea' id='block_1_1' title="bbox 411 555 1077 627">
    <p class='ocr_par' dir='ltr' id='par_1_1' title="bbox 411 555 1077 627">
     <span class='ocr_line' id='line_1_1' title="bbox 411 555 1077 627; baseline -0.011 0"><span class='ocrx_word' id='word_1_1' title='bbox 411 563 452 627; x_wconf 74' lang='lat' dir='ltr'>io</span> <span class='ocrx_word' id='word_1_2' title='bbox 781 558 818 620; x_wconf 91' lang='lat' dir='ltr'>C.</span> <span class='ocrx_word' id='word_1_3' title='bbox 844 555 1077 622; x_wconf 81' lang='lat' dir='ltr'>SUETONII</span> 
     </span>
    </p>
   </div>
   <div class='ocr_carea' id='block_1_2' title="bbox 408 680 1447 1221">
    <p class='ocr_par' dir='ltr' id='par_1_2' title="bbox 408 680 1447 1221">
     <span class='ocr_line' id='line_1_2' title="bbox 410 680 1446 779; baseline -0.005 -24"><span class='ocrx_word' id='word_1_4' title='bbox 410 684 503 766; x_wconf 63' lang='lat' dir='ltr'>susi,</span> <span class='ocrx_word' id='word_1_5' title='bbox 516 683 638 779; x_wconf 87' lang='lat' dir='ltr'>quibus</span> <span class='ocrx_word' id='word_1_6' title='bbox 650 693 767 774; x_wconf 87' lang='lat' dir='ltr'>postea</span> <span class='ocrx_word' id='word_1_7' title='bbox 779 701 982 774; x_wconf 87' lang='lat' dir='ltr'>quacunque</span> <span class='ocrx_word' id='word_1_8' title='bbox 994 680 1036 746; x_wconf 90' lang='lat' dir='ltr'>de</span> <span class='ocrx_word' id='word_1_9' title='bbox 1048 703 1149 747; x_wconf 85' lang='lat' dir='ltr'>causa</span> <span class='ocrx_word' id='word_1_10' title='bbox 1161 684 1343 778; x_wconf 85' lang='lat' dir='ltr'>quiequam</span> <span class='ocrx_word' id='word_1_11' title='bbox 1353 685 1446 750; x_wconf 81' lang='lat' dir='ltr'>incre</span> 
     </span>
     <span class='ocr_line' id='line_1_3' title="bbox 410 789 1446 887; baseline -0.003 -24"><span class='ocrx_word' id='word_1_12' title='bbox 410 796 514 863; x_wconf 86' lang='lat' dir='ltr'>menti</span> <span class='ocrx_word' id='word_1_13' title='bbox 524 793 729 860; x_wconf 79' lang='lat' dir='ltr'><strong>accessisset.</strong></span> <span class='ocrx_word' id='word_1_14' title='bbox 738 793 954 857; x_wconf 70' lang='lat' dir='ltr'>Testamenta</span> <span class='ocrx_word' id='word_1_15' title='bbox 965 789 1243 883; x_wconf 76' lang='lat' dir='ltr'>primipilarium⁵</span> <span class='ocrx_word' id='word_1_16' title='bbox 1255 844 1264 872; x_wconf 89' lang='lat'>‚</span> <span class='ocrx_word' id='word_1_17' title='bbox 1278 794 1336 887; x_wconf 89' lang='lat' dir='ltr'>qui</span> <span class='ocrx_word' id='word_1_18' title='bbox 1350 792 1392 860; x_wconf 88' lang='lat' dir='ltr'>ab</span> <span class='ocrx_word' id='word_1_19' title='bbox 1404 796 1446 860; x_wconf 91' lang='lat' dir='ltr'>in·</span> 
     </span>
     <span class='ocr_line' id='line_1_4' title="bbox 411 900 1446 999; baseline -0.001 -26"><span class='ocrx_word' id='word_1_20' title='bbox 411 909 468 974; x_wconf 84' lang='lat' dir='ltr'>itio</span> <span class='ocrx_word' id='word_1_21' title='bbox 478 907 685 999; x_wconf 79' lang='lat' dir='ltr'>principatus</span> <span class='ocrx_word' id='word_1_22' title='bbox 695 900 820 968; x_wconf 88' lang='lat' dir='ltr'>Tiberii</span> <span class='ocrx_word' id='word_1_23' title='bbox 830 925 941 996; x_wconf 89' lang='lat' dir='ltr'>neque</span> <span class='ocrx_word' id='word_1_24' title='bbox 949 901 1183 996; x_wconf 87' lang='lat' dir='ltr'>illum‚neque</span> <span class='ocrx_word' id='word_1_25' title='bbox 1193 927 1228 970; x_wconf 87' lang='lat' dir='ltr'>se</span> <span class='ocrx_word' id='word_1_26' title='bbox 1237 902 1446 972; x_wconf 80' lang='lat' dir='ltr'>heredemre</span> 
     </span>
     <span class='ocr_line' id='line_1_5' title="bbox 408 1013 1447 1115; baseline -0.004 -28"><span class='ocrx_word' id='word_1_27' title='bbox 408 1019 606 1115; x_wconf 86' lang='lat' dir='ltr'>liquissent‚</span> <span class='ocrx_word' id='word_1_28' title='bbox 625 1029 664 1083; x_wconf 88' lang='lat' dir='ltr'>ut</span> <span class='ocrx_word' id='word_1_29' title='bbox 676 1017 807 1106; x_wconf 70' lang='lat' dir='ltr'>ingrata</span> <span class='ocrx_word' id='word_1_30' title='bbox 820 1013 973 1098; x_wconf 82' lang='lat' dir='ltr'>rescidit3</span> <span class='ocrx_word' id='word_1_31' title='bbox 991 1017 1071 1082; x_wconf 91' lang='lat' dir='ltr'>item</span> <span class='ocrx_word' id='word_1_32' title='bbox 1085 1031 1295 1098; x_wconf 87' lang='lat' dir='ltr'>ceterorum,</span> <span class='ocrx_word' id='word_1_33' title='bbox 1311 1033 1349 1082; x_wconf 90' lang='lat' dir='ltr'>ut</span> <span class='ocrx_word' id='word_1_34' title='bbox 1362 1019 1447 1083; x_wconf 80' lang='lat' dir='ltr'>irritu</span> 
     </span>
     <span class='ocr_line' id='line_1_6' title="bbox 409 1123 1447 1221; baseline -0.005 -23"><span class='ocrx_word' id='word_1_35' title='bbox 409 1147 442 1198; x_wconf 89' lang='lat' dir='ltr'>et</span> <span class='ocrx_word' id='word_1_36' title='bbox 462 1153 567 1210; x_wconf 83' lang='lat' dir='ltr'>vana,</span> <span class='ocrx_word' id='word_1_37' title='bbox 590 1149 811 1221; x_wconf 86' lang='lat' dir='ltr'>quoscunque</span> <span class='ocrx_word' id='word_1_38' title='bbox 832 1127 907 1220; x_wconf 92' lang='lat' dir='ltr'>quis</span> <span class='ocrx_word' id='word_1_39' title='bbox 930 1123 1054 1193; x_wconf 88' lang='lat' dir='ltr'>diceret</span> <span class='ocrx_word' id='word_1_40' title='bbox 1073 1124 1199 1193; x_wconf 84' lang='lat' dir='ltr'>herede</span> <span class='ocrx_word' id='word_1_41' title='bbox 1218 1129 1351 1194; x_wconf 83' lang='lat' dir='ltr'>Caesare</span> <span class='ocrx_word' id='word_1_42' title='bbox 1370 1127 1447 1193; x_wconf 90' lang='lat' dir='ltr'>mori</span> 
     </span>
    </p>
   </div>
   <div class='ocr_carea' id='block_1_3' title="bbox 407 1247 1448 1785">
    <p class='ocr_par' dir='ltr' id='par_1_3' title="bbox 407 1247 1448 1785">
     <span class='ocr_line' id='line_1_7' title="bbox 407 1247 1447 1348; baseline -0.001 -26"><span class='ocrx_word' id='word_1_43' title='bbox 407 1247 625 1324; x_wconf 83' lang='lat' dir='ltr'>destinasse⁶.</span> <span class='ocrx_word' id='word_1_44' title='bbox 645 1258 720 1338; x_wconf 91' lang='lat' dir='ltr'>Quo</span> <span class='ocrx_word' id='word_1_45' title='bbox 739 1268 832 1318; x_wconf 89' lang='lat' dir='ltr'>metu</span> <span class='ocrx_word' id='word_1_46' title='bbox 851 1251 992 1346; x_wconf 86' lang='lat' dir='ltr'>injecto,</span> <span class='ocrx_word' id='word_1_47' title='bbox 1008 1277 1115 1348; x_wconf 88' lang='lat' dir='ltr'>quum</span> <span class='ocrx_word' id='word_1_48' title='bbox 1129 1250 1202 1346; x_wconf 89' lang='lat' dir='ltr'>jam</span> <span class='ocrx_word' id='word_1_49' title='bbox 1220 1267 1255 1321; x_wconf 91' lang='lat' dir='ltr'>et</span> <span class='ocrx_word' id='word_1_50' title='bbox 1272 1247 1317 1320; x_wconf 87' lang='lat' dir='ltr'>ab</span> <span class='ocrx_word' id='word_1_51' title='bbox 1335 1255 1447 1346; x_wconf 79' lang='lat' dir='ltr'>ignotis</span> 
     </span>
     <span class='ocr_line' id='line_1_8' title="bbox 408 1359 1448 1459; baseline -0.002 -25"><span class='ocrx_word' id='word_1_52' title='bbox 408 1371 495 1436; x_wconf 90' lang='lat' dir='ltr'>inter</span> <span class='ocrx_word' id='word_1_53' title='bbox 509 1364 708 1446; x_wconf 80' lang='lat' dir='ltr'>familiares,</span> <span class='ocrx_word' id='word_1_54' title='bbox 723 1379 756 1430; x_wconf 89' lang='lat' dir='ltr'>et</span> <span class='ocrx_word' id='word_1_55' title='bbox 771 1365 1000 1456; x_wconf 85' lang='lat' dir='ltr'>aparentibus</span> <span class='ocrx_word' id='word_1_56' title='bbox 1014 1367 1101 1433; x_wconf 90' lang='lat' dir='ltr'>inter</span> <span class='ocrx_word' id='word_1_57' title='bbox 1115 1362 1259 1448; x_wconf 90' lang='lat' dir='ltr'>liberos,</span> <span class='ocrx_word' id='word_1_58' title='bbox 1275 1365 1386 1459; x_wconf 87' lang='lat' dir='ltr'>palam</span> <span class='ocrx_word' id='word_1_59' title='bbox 1396 1359 1448 1432; x_wconf 87' lang='lat' dir='ltr'>he-</span> 
     </span>
     <span class='ocr_line' id='line_1_9' title="bbox 408 1471 1446 1571; baseline -0.002 -27"><span class='ocrx_word' id='word_1_60' title='bbox 408 1501 462 1544; x_wconf 88' lang='lat' dir='ltr'>res</span> <span class='ocrx_word' id='word_1_61' title='bbox 477 1483 768 1567; x_wconf 84' lang='lat' dir='ltr'>nuncuparetur⁷‚</span> <span class='ocrx_word' id='word_1_62' title='bbox 781 1471 947 1542; x_wconf 86' lang='lat' dir='ltr'>derisores</span> <span class='ocrx_word' id='word_1_63' title='bbox 958 1475 1119 1557; x_wconf 81' lang='lat' dir='ltr'>vocabat,</span> <span class='ocrx_word' id='word_1_64' title='bbox 1133 1475 1225 1571; x_wconf 90' lang='lat' dir='ltr'>quod</span> <span class='ocrx_word' id='word_1_65' title='bbox 1238 1491 1318 1568; x_wconf 90' lang='lat' dir='ltr'>post</span> <span class='ocrx_word' id='word_1_66' title='bbox 1329 1500 1446 1543; x_wconf 91' lang='lat' dir='ltr'>nuncu·</span> 
     </span>
     <span class='ocr_line' id='line_1_10' title="bbox 409 1579 1447 1678; baseline 0 -26"><span class='ocrx_word' id='word_1_67' title='bbox 409 1579 598 1678; x_wconf 77' lang='lat' dir='ltr'>pationem⁸</span> <span class='ocrx_word' id='word_1_68' title='bbox 611 1586 722 1652; x_wconf 87' lang='lat' dir='ltr'>vivere</span> <span class='ocrx_word' id='word_1_69' title='bbox 734 1598 1006 1674; x_wconf 81' lang='lat' dir='ltr'>perseverarent,</span> <span class='ocrx_word' id='word_1_70' title='bbox 1020 1602 1054 1652; x_wconf 88' lang='lat' dir='ltr'>et</span> <span class='ocrx_word' id='word_1_71' title='bbox 1064 1585 1178 1653; x_wconf 89' lang='lat' dir='ltr'>multis</span> <span class='ocrx_word' id='word_1_72' title='bbox 1193 1601 1374 1653; x_wconf 86' lang='lat' dir='ltr'>venenatas</span> <span class='ocrx_word' id='word_1_73' title='bbox 1388 1611 1447 1653; x_wconf 82' lang='lat' dir='ltr'>ma·</span> 
     </span>
     <span class='ocr_line' id='line_1_11' title="bbox 410 1693 1448 1785; baseline 0 -22"><span class='ocrx_word' id='word_1_74' title='bbox 410 1706 521 1763; x_wconf 84' lang='lat' dir='ltr'>cteas⁹</span> <span class='ocrx_word' id='word_1_75' title='bbox 534 1695 634 1761; x_wconf 87' lang='lat' dir='ltr'><strong>misit.</strong></span> <span class='ocrx_word' id='word_1_76' title='bbox 653 1694 883 1785; x_wconf 79' lang='lat' dir='ltr'>Cognoscebat</span> <span class='ocrx_word' id='word_1_77' title='bbox 898 1713 1011 1764; x_wconf 86' lang='lat' dir='ltr'>autem</span> <span class='ocrx_word' id='word_1_78' title='bbox 1022 1705 1045 1738; x_wconf 83' lang='lat'>¹⁰</span> <span class='ocrx_word' id='word_1_79' title='bbox 1057 1693 1100 1765; x_wconf 90' lang='lat' dir='ltr'>de</span> <span class='ocrx_word' id='word_1_80' title='bbox 1118 1695 1241 1765; x_wconf 89' lang='lat' dir='ltr'>talibus</span> <span class='ocrx_word' id='word_1_81' title='bbox 1261 1699 1390 1779; x_wconf 86' lang='lat' dir='ltr'>causis,</span> <span class='ocrx_word' id='word_1_82' title='bbox 1406 1711 1448 1763; x_wconf 81' lang='lat' dir='ltr'>ta-</span> 
     </span>
    </p>
   </div>
   <div class='ocr_carea' id='block_1_4' title="bbox 409 1898 1453 4348">
    <p class='ocr_par' dir='ltr' id='par_1_4' title="bbox 409 1898 1453 4348">
     <span class='ocr_line' id='line_1_12' title="bbox 409 1898 1447 1975; baseline -0.002 -23"><span class='ocrx_word' id='word_1_83' title='bbox 409 1899 575 1965; x_wconf 86' lang='lat' dir='ltr'>nebat,cum</span> <span class='ocrx_word' id='word_1_84' title='bbox 582 1898 659 1950; x_wconf 88' lang='lat' dir='ltr'>irrisu</span> <span class='ocrx_word' id='word_1_85' title='bbox 669 1898 819 1968; x_wconf 72' lang='lat' dir='ltr'>rejiciebat,</span> <span class='ocrx_word' id='word_1_86' title='bbox 828 1907 858 1951; x_wconf 75' lang='lat' dir='ltr'>itt</span> <span class='ocrx_word' id='word_1_87' title='bbox 865 1899 909 1952; x_wconf 86' lang='lat' dir='ltr'>Gr.</span> <span class='ocrx_word' id='word_1_88' title='bbox 990 1901 1017 1954; x_wconf 84' lang='grc'>6.</span> <span class='ocrx_word' id='word_1_89' title='bbox 1029 1903 1229 1975; x_wconf 67' lang='lat' dir='ltr'><strong><em>Quotcunque...</em></strong></span> <span class='ocrx_word' id='word_1_90' title='bbox 1238 1901 1447 1955; x_wconf 59' lang='lat' dir='ltr'>nterim.</span> 
     </span>
     <span class='ocr_line' id='line_1_13' title="bbox 409 1976 1448 2051; baseline -0.002 -19"><span class='ocrx_word' id='word_1_91' title='bbox 409 1977 552 2046; x_wconf 66' lang='grc' dir='ltr'>ωτιφνσᾷν</span> <span class='ocrx_word' id='word_1_92' title='bbox 560 1978 652 2030; x_wconf 82' lang='lat' dir='ltr'>dicunt</span> <span class='ocrx_word' id='word_1_93' title='bbox 658 2017 667 2044; x_wconf 90' lang='lat'>,</span> <span class='ocrx_word' id='word_1_94' title='bbox 677 1976 747 2050; x_wconf 90' lang='lat' dir='ltr'>quod</span> <span class='ocrx_word' id='word_1_95' title='bbox 756 1978 859 2031; x_wconf 79' lang='lat' dir='ltr'>serioris</span> <span class='ocrx_word' id='word_1_96' title='bbox 866 1980 912 2030; x_wconf 82' lang='lat' dir='ltr'>La·</span> <span class='ocrx_word' id='word_1_97' title='bbox 956 1978 1052 2032; x_wconf 81' lang='lat' dir='ltr'>Paulus</span> <span class='ocrx_word' id='word_1_98' title='bbox 1067 1983 1212 2051; x_wconf 81' lang='lat' dir='ltr'>juriscons.</span> <span class='ocrx_word' id='word_1_99' title='bbox 1228 1979 1277 2034; x_wconf 77' lang='lat' dir='ltr'>tib.</span> <span class='ocrx_word' id='word_1_100' title='bbox 1293 1977 1342 2032; x_wconf 82' lang='lat' dir='ltr'>nit.</span> <span class='ocrx_word' id='word_1_101' title='bbox 1357 1979 1390 2033; x_wconf 81' lang='lat' dir='ltr'>ds</span> <span class='ocrx_word' id='word_1_102' title='bbox 1405 1981 1448 2030; x_wconf 82' lang='lat' dir='ltr'>Te·</span> 
     </span>
     <span class='ocr_line' id='line_1_14' title="bbox 411 2055 1448 2132; baseline -0.002 -22"><span class='ocrx_word' id='word_1_103' title='bbox 411 2061 519 2112; x_wconf 86' lang='lat' dir='ltr'>tinitetis</span> <span class='ocrx_word' id='word_1_104' title='bbox 530 2055 689 2110; x_wconf 82' lang='lat' dir='ltr'>vocabulum</span> <span class='ocrx_word' id='word_1_105' title='bbox 700 2059 830 2130; x_wconf 89' lang='lat' dir='ltr'>nimisque</span> <span class='ocrx_word' id='word_1_106' title='bbox 843 2078 910 2130; x_wconf 74' lang='lat' dir='ltr'>qua·</span> <span class='ocrx_word' id='word_1_107' title='bbox 955 2071 1046 2123; x_wconf 79' lang='lat' dir='ltr'>stam,</span> <span class='ocrx_word' id='word_1_108' title='bbox 1059 2061 1143 2130; x_wconf 80' lang='lat' dir='ltr'>«Ejus</span> <span class='ocrx_word' id='word_1_109' title='bbox 1153 2059 1240 2126; x_wconf 78' lang='lat' dir='ltr'>bona,</span> <span class='ocrx_word' id='word_1_110' title='bbox 1250 2062 1298 2132; x_wconf 88' lang='lat' dir='ltr'>qni</span> <span class='ocrx_word' id='word_1_111' title='bbox 1307 2077 1335 2112; x_wconf 83' lang='lat' dir='ltr'>sc</span> <span class='ocrx_word' id='word_1_112' title='bbox 1343 2062 1448 2130; x_wconf 84' lang='lat' dir='ltr'>Impera·</span> 
     </span>
     <span class='ocr_line' id='line_1_15' title="bbox 410 2133 1448 2208; baseline -0.003 -18"><span class='ocrx_word' id='word_1_113' title='bbox 410 2141 489 2191; x_wconf 82' lang='lat' dir='ltr'>situm</span> <span class='ocrx_word' id='word_1_114' title='bbox 508 2139 597 2189; x_wconf 83' lang='lat' dir='ltr'>neseio</span> <span class='ocrx_word' id='word_1_115' title='bbox 617 2154 650 2188; x_wconf 86' lang='lat' dir='ltr'>an</span> <span class='ocrx_word' id='word_1_116' title='bbox 671 2137 766 2206; x_wconf 79' lang='lat' dir='ltr'>injurie</span> <span class='ocrx_word' id='word_1_117' title='bbox 784 2137 910 2190; x_wconf 79' lang='lat' dir='ltr'>Suetonio</span> <span class='ocrx_word' id='word_1_118' title='bbox 956 2147 1040 2188; x_wconf 86' lang='lat' dir='ltr'>torem</span> <span class='ocrx_word' id='word_1_119' title='bbox 1052 2137 1185 2190; x_wconf 74' lang='lat' dir='ltr'>iacturum</span> <span class='ocrx_word' id='word_1_120' title='bbox 1202 2133 1329 2190; x_wconf 67' lang='lat' dir='ltr'>haedere</span> <span class='ocrx_word' id='word_1_121' title='bbox 1344 2155 1398 2190; x_wconf 83' lang='lat' dir='ltr'>esse</span> <span class='ocrx_word' id='word_1_122' title='bbox 1410 2139 1448 2208; x_wconf 81' lang='lat' dir='ltr'>js-</span> 
     </span>
     <span class='ocr_line' id='line_1_16' title="bbox 410 2214 1448 2288; baseline -0.004 -18"><span class='ocrx_word' id='word_1_123' title='bbox 410 2214 574 2270; x_wconf 83' lang='lat' dir='ltr'>obtrndetur.</span> <span class='ocrx_word' id='word_1_124' title='bbox 586 2215 629 2268; x_wconf 81' lang='lat' dir='ltr'>Ad</span> <span class='ocrx_word' id='word_1_125' title='bbox 640 2215 760 2267; x_wconf 79' lang='lat' dir='ltr'>eumdem</span> <span class='ocrx_word' id='word_1_126' title='bbox 772 2233 833 2268; x_wconf 84' lang='lat' dir='ltr'>cum</span> <span class='ocrx_word' id='word_1_127' title='bbox 840 2215 911 2270; x_wconf 79' lang='lat' dir='ltr'>dele·</span> <span class='ocrx_word' id='word_1_128' title='bbox 954 2229 1111 2284; x_wconf 78' lang='lat' dir='ltr'>ctoreret,s</span> <span class='ocrx_word' id='word_1_129' title='bbox 1121 2215 1185 2268; x_wconf 74' lang='lat' dir='ltr'>flere</span> <span class='ocrx_word' id='word_1_130' title='bbox 1195 2214 1325 2288; x_wconf 81' lang='lat' dir='ltr'>occupari</span> <span class='ocrx_word' id='word_1_131' title='bbox 1334 2233 1386 2270; x_wconf 86' lang='lat' dir='ltr'>non</span> <span class='ocrx_word' id='word_1_132' title='bbox 1395 2232 1448 2285; x_wconf 87' lang='lat' dir='ltr'>pos-</span> 
     </span>
     <span class='ocr_line' id='line_1_17' title="bbox 411 2291 1291 2366; baseline 0 -20"><span class='ocrx_word' id='word_1_133' title='bbox 411 2298 455 2346; x_wconf 80' lang='lat' dir='ltr'>lurt</span> <span class='ocrx_word' id='word_1_134' title='bbox 467 2293 684 2366; x_wconf 76' lang='lat' dir='ltr'>probabilitatem</span> <span class='ocrx_word' id='word_1_135' title='bbox 700 2293 821 2360; x_wconf 87' lang='lat' dir='ltr'>aceedit,</span> <span class='ocrx_word' id='word_1_136' title='bbox 836 2295 911 2366; x_wconf 88' lang='lat' dir='ltr'>quod</span> <span class='ocrx_word' id='word_1_137' title='bbox 955 2307 1049 2346; x_wconf 57' lang='lat' dir='ltr'>sunta</span> <span class='ocrx_word' id='word_1_138' title='bbox 1066 2291 1145 2347; x_wconf 76' lang='lat' dir='ltr'>cont:</span> <span class='ocrx_word' id='word_1_139' title='bbox 1157 2297 1222 2364; x_wconf 86' lang='lat' dir='ltr'>Dio,</span> <span class='ocrx_word' id='word_1_140' title='bbox 1234 2297 1252 2347; x_wconf 90' lang='lat' dir='ltr'>l.</span> <span class='ocrx_word' id='word_1_141' title='bbox 1267 2315 1291 2347; x_wconf 92' lang='lat' dir='ltr'>c.</span> 
     </span>
     <span class='ocr_line' id='line_1_18' title="bbox 410 2371 1449 2446; baseline -0.007 -18"><span class='ocrx_word' id='word_1_142' title='bbox 410 2380 513 2428; x_wconf 83' lang='lat' dir='ltr'>Ernest.</span> <span class='ocrx_word' id='word_1_143' title='bbox 539 2376 617 2426; x_wconf 88' lang='lat' dir='ltr'>etiarn</span> <span class='ocrx_word' id='word_1_144' title='bbox 640 2377 744 2442; x_wconf 79' lang='lat' dir='ltr'>suasit,</span> <span class='ocrx_word' id='word_1_145' title='bbox 771 2373 911 2442; x_wconf 78' lang='lat' dir='ltr'><strong><em>abolebat,</em></strong></span> <span class='ocrx_word' id='word_1_146' title='bbox 992 2389 1016 2442; x_wconf 90' lang='lat'>7.</span> <span class='ocrx_word' id='word_1_147' title='bbox 1038 2371 1449 2446; x_wconf 70' lang='lat' dir='ltr'>Quotmjam....palamlreret</span> 
     </span>
     <span class='ocr_line' id='line_1_19' title="bbox 412 2450 1447 2525; baseline -0.005 -20"><span class='ocrx_word' id='word_1_148' title='bbox 412 2453 533 2525; x_wconf 75' lang='lat' dir='ltr'>scriptori</span> <span class='ocrx_word' id='word_1_149' title='bbox 548 2452 626 2503; x_wconf 85' lang='lat' dir='ltr'>etiarn</span> <span class='ocrx_word' id='word_1_150' title='bbox 642 2463 734 2503; x_wconf 89' lang='lat' dir='ltr'>nostro</span> <span class='ocrx_word' id='word_1_151' title='bbox 746 2452 913 2523; x_wconf 64' lang='lat' dir='ltr'>frequentis«</span> <span class='ocrx_word' id='word_1_152' title='bbox 956 2465 1157 2522; x_wconf 76' lang='lat' dir='ltr'>nuncuparetur.</span> <span class='ocrx_word' id='word_1_153' title='bbox 1172 2453 1250 2507; x_wconf 85' lang='lat' dir='ltr'>Conf.</span> <span class='ocrx_word' id='word_1_154' title='bbox 1266 2455 1335 2521; x_wconf 86' lang='lat' dir='ltr'>Dio,</span> <span class='ocrx_word' id='word_1_155' title='bbox 1348 2451 1397 2503; x_wconf 91' lang='lat' dir='ltr'>loc.</span> <span class='ocrx_word' id='word_1_156' title='bbox 1408 2450 1447 2500; x_wconf 86' lang='lat' dir='ltr'>cit.</span> 
     </span>
     <span class='ocr_line' id='line_1_20' title="bbox 412 2522 1449 2604; baseline -0.007 -19"><span class='ocrx_word' id='word_1_157' title='bbox 412 2536 515 2600; x_wconf 68' lang='lat' dir='ltr'>simum.</span> <span class='ocrx_word' id='word_1_158' title='bbox 633 2522 635 2535; x_wconf 63' lang='lat'>¹</span> <span class='ocrx_word' id='word_1_159' title='bbox 957 2533 1085 2604; x_wconf 78' lang='lat' dir='ltr'>Apposite</span> <span class='ocrx_word' id='word_1_160' title='bbox 1100 2547 1188 2585; x_wconf 79' lang='lat' dir='ltr'>autem</span> <span class='ocrx_word' id='word_1_161' title='bbox 1202 2535 1308 2586; x_wconf 87' lang='lat' dir='ltr'>Gruter.</span> <span class='ocrx_word' id='word_1_162' title='bbox 1322 2542 1449 2603; x_wconf 83' lang='lat' dir='ltr'>comparat</span> 
     </span>
     <span class='ocr_line' id='line_1_21' title="bbox 440 2601 1448 2683; baseline 0 -21"><span class='ocrx_word' id='word_1_163' title='bbox 440 2601 473 2679; x_wconf 65' lang='grc'>’4.</span> <span class='ocrx_word' id='word_1_164' title='bbox 493 2609 624 2683; x_wconf 76' lang='lat' dir='ltr'>Arquebat</span> <span class='ocrx_word' id='word_1_165' title='bbox 640 2619 665 2661; x_wconf 86' lang='lat' dir='ltr'>et</span> <span class='ocrx_word' id='word_1_166' title='bbox 680 2627 815 2682; x_wconf 81' lang='lat' dir='ltr'>perperam</span> <span class='ocrx_word' id='word_1_167' title='bbox 834 2607 914 2663; x_wconf 80' lang='lat' dir='ltr'>editor</span> <span class='ocrx_word' id='word_1_168' title='bbox 958 2603 1047 2662; x_wconf 87' lang='lat' dir='ltr'>locum</span> <span class='ocrx_word' id='word_1_169' title='bbox 1064 2611 1165 2678; x_wconf 72' lang='lat' dir='ltr'>Taciti,</span> <span class='ocrx_word' id='word_1_170' title='bbox 1184 2614 1272 2682; x_wconf 71' lang='lat' dir='ltr'>Agric.</span> <span class='ocrx_word' id='word_1_171' title='bbox 1293 2609 1346 2678; x_wconf 72' lang='lat'>43,</span> <span class='ocrx_word' id='word_1_172' title='bbox 1369 2609 1448 2662; x_wconf 74' lang='lat' dir='ltr'>«Satis</span> 
     </span>
     <span class='ocr_line' id='line_1_22' title="bbox 412 2687 1448 2762; baseline -0.005 -20"><span class='ocrx_word' id='word_1_173' title='bbox 412 2687 627 2744; x_wconf 55' lang='lat' dir='ltr'>censimcesaub.</span> <span class='ocrx_word' id='word_1_174' title='bbox 636 2688 783 2762; x_wconf 71' lang='lat' dir='ltr'>corrigebat</span> <span class='ocrx_word' id='word_1_175' title='bbox 790 2689 915 2742; x_wconf 64' lang='lat' dir='ltr'>erfittcen·</span> <span class='ocrx_word' id='word_1_176' title='bbox 958 2689 1114 2756; x_wconf 78' lang='lat' dir='ltr'>constabat,</span> <span class='ocrx_word' id='word_1_177' title='bbox 1126 2689 1195 2743; x_wconf 86' lang='lat' dir='ltr'>leeto</span> <span class='ocrx_word' id='word_1_178' title='bbox 1208 2703 1366 2744; x_wconf 84' lang='lat' dir='ltr'>testamento</span> <span class='ocrx_word' id='word_1_179' title='bbox 1379 2687 1448 2758; x_wconf 66' lang='lat' dir='ltr'>Agri-</span> 
     </span>
     <span class='ocr_line' id='line_1_23' title="bbox 412 2755 1449 2844; baseline -0.008 -20"><span class='ocrx_word' id='word_1_180' title='bbox 412 2788 469 2836; x_wconf 79' lang='lat' dir='ltr'>sus,</span> <span class='ocrx_word' id='word_1_181' title='bbox 481 2766 537 2822; x_wconf 83' lang='lat' dir='ltr'>scil.</span> <span class='ocrx_word' id='word_1_182' title='bbox 548 2787 602 2835; x_wconf 83' lang='lat' dir='ltr'>eos,</span> <span class='ocrx_word' id='word_1_183' title='bbox 615 2767 720 2838; x_wconf 81' lang='lat' dir='ltr'>quibus,</span> <span class='ocrx_word' id='word_1_184' title='bbox 732 2755 782 2838; x_wconf 79' lang='lat' dir='ltr'>etc’.</span> <span class='ocrx_word' id='word_1_185' title='bbox 794 2765 875 2836; x_wconf 76' lang='lat' dir='ltr'>feisa,</span> <span class='ocrx_word' id='word_1_186' title='bbox 885 2777 914 2818; x_wconf 88' lang='lat' dir='ltr'>ut</span> <span class='ocrx_word' id='word_1_187' title='bbox 959 2765 1095 2840; x_wconf 83' lang='lat' dir='ltr'>eolre,un</span> <span class='ocrx_word' id='word_1_188' title='bbox 1104 2769 1264 2824; x_wconf 85' lang='lat' dir='ltr'>coheredem</span> <span class='ocrx_word' id='word_1_189' title='bbox 1271 2771 1375 2844; x_wconf 75' lang='lat' dir='ltr'>optime</span> <span class='ocrx_word' id='word_1_190' title='bbox 1381 2767 1449 2820; x_wconf 77' lang='lat' dir='ltr'>uxori</span> 
     </span>
     <span class='ocr_line' id='line_1_24' title="bbox 413 2835 1449 2922; baseline -0.008 -20"><span class='ocrx_word' id='word_1_191' title='bbox 413 2849 527 2902; x_wconf 85' lang='lat' dir='ltr'>Wollius</span> <span class='ocrx_word' id='word_1_192' title='bbox 540 2847 657 2914; x_wconf 87' lang='lat' dir='ltr'>monuit,</span> <span class='ocrx_word' id='word_1_193' title='bbox 672 2846 817 2910; x_wconf 80' lang='lat' dir='ltr'>sententia,</span> <span class='ocrx_word' id='word_1_194' title='bbox 828 2835 913 2916; x_wconf 57' lang='lat' dir='ltr'>‘quoin</span> <span class='ocrx_word' id='word_1_195' title='bbox 959 2859 985 2899; x_wconf 92' lang='lat' dir='ltr'>et</span> <span class='ocrx_word' id='word_1_196' title='bbox 997 2849 1119 2922; x_wconf 71' lang='lat' dir='ltr'>piissimae</span> <span class='ocrx_word' id='word_1_197' title='bbox 1133 2849 1190 2902; x_wconf 81' lang='lat' dir='ltr'>filiae</span> <span class='ocrx_word' id='word_1_198' title='bbox 1202 2849 1382 2902; x_wconf 87' lang='lat' dir='ltr'>Domitianum</span> <span class='ocrx_word' id='word_1_199' title='bbox 1393 2845 1449 2898; x_wconf 87' lang='lat' dir='ltr'>scri-</span> 
     </span>
     <span class='ocr_line' id='line_1_25' title="bbox 412 2921 1449 2999; baseline -0.006 -19"><span class='ocrx_word' id='word_1_200' title='bbox 412 2931 515 2994; x_wconf 81' lang='lat' dir='ltr'>censui,</span> <span class='ocrx_word' id='word_1_201' title='bbox 530 2922 708 2999; x_wconf 88' lang='lat' dir='ltr'>patrimonio,</span> <span class='ocrx_word' id='word_1_202' title='bbox 725 2921 914 2976; x_wconf 85' lang='lat' dir='ltr'>incrementum</span> <span class='ocrx_word' id='word_1_203' title='bbox 958 2928 1026 2999; x_wconf 88' lang='lat' dir='ltr'>psit,</span> <span class='ocrx_word' id='word_1_204' title='bbox 1042 2925 1156 2981; x_wconf 84' lang='lat' dir='ltr'>laetatum</span> <span class='ocrx_word' id='word_1_205' title='bbox 1175 2950 1252 2996; x_wconf 89' lang='lat' dir='ltr'>eum,</span> <span class='ocrx_word' id='word_1_206' title='bbox 1269 2930 1343 2982; x_wconf 83' lang='lat' dir='ltr'>velut</span> <span class='ocrx_word' id='word_1_207' title='bbox 1357 2925 1449 2979; x_wconf 85' lang='lat' dir='ltr'>bonore</span> 
     </span>
     <span class='ocr_line' id='line_1_26' title="bbox 414 2999 1449 3077; baseline -0.007 -15"><span class='ocrx_word' id='word_1_208' title='bbox 414 2999 541 3076; x_wconf 72' lang='lat' dir='ltr'>accedat,</span> <span class='ocrx_word' id='word_1_209' title='bbox 560 3025 614 3056; x_wconf 93' lang='lat' dir='ltr'>non</span> <span class='ocrx_word' id='word_1_210' title='bbox 632 3005 678 3071; x_wconf 87' lang='lat' dir='ltr'>ils,</span> <span class='ocrx_word' id='word_1_211' title='bbox 696 3004 740 3074; x_wconf 83' lang='lat' dir='ltr'>qui</span> <span class='ocrx_word' id='word_1_212' title='bbox 760 3001 914 3076; x_wconf 85' lang='lat' dir='ltr'>possident;</span> <span class='ocrx_word' id='word_1_213' title='bbox 956 3003 1120 3077; x_wconf 86' lang='lat' dir='ltr'>judicioque.</span> <span class='ocrx_word' id='word_1_214' title='bbox 1135 3007 1201 3059; x_wconf 83' lang='lat' dir='ltr'>Tam</span> <span class='ocrx_word' id='word_1_215' title='bbox 1213 3027 1282 3060; x_wconf 75' lang='lat' dir='ltr'>ceca</span> <span class='ocrx_word' id='word_1_216' title='bbox 1296 3023 1322 3060; x_wconf 89' lang='lat' dir='ltr'>et</span> <span class='ocrx_word' id='word_1_217' title='bbox 1336 3016 1449 3074; x_wconf 85' lang='lat' dir='ltr'>corrupta</span> 
     </span>
     <span class='ocr_line' id='line_1_27' title="bbox 413 3077 1450 3156; baseline -0.01 -15"><span class='ocrx_word' id='word_1_218' title='bbox 413 3087 517 3141; x_wconf 81' lang='lat' dir='ltr'>Ernest.</span> <span class='ocrx_word' id='word_1_219' title='bbox 528 3097 557 3138; x_wconf 81' lang='lat' dir='ltr'>ut</span> <span class='ocrx_word' id='word_1_220' title='bbox 566 3103 616 3156; x_wconf 90' lang='lat' dir='ltr'>pro</span> <span class='ocrx_word' id='word_1_221' title='bbox 626 3095 664 3149; x_wconf 87' lang='lat' dir='ltr'>et,</span> <span class='ocrx_word' id='word_1_222' title='bbox 675 3077 747 3156; x_wconf 84' lang='lat' dir='ltr'>qnod</span> <span class='ocrx_word' id='word_1_223' title='bbox 755 3081 857 3135; x_wconf 82' lang='lat' dir='ltr'>admitti</span> <span class='ocrx_word' id='word_1_224' title='bbox 866 3103 916 3156; x_wconf 88' lang='lat' dir='ltr'>po·</span> <span class='ocrx_word' id='word_1_225' title='bbox 959 3102 1034 3136; x_wconf 86' lang='lat' dir='ltr'>mene</span> <span class='ocrx_word' id='word_1_226' title='bbox 1049 3085 1162 3138; x_wconf 83' lang='lat' dir='ltr'>assiduis</span> <span class='ocrx_word' id='word_1_227' title='bbox 1176 3085 1371 3139; x_wconf 82' lang='lat' dir='ltr'>adulationibus</span> <span class='ocrx_word' id='word_1_228' title='bbox 1384 3092 1450 3144; x_wconf 85' lang='lat' dir='ltr'>erat,</span> 
     </span>
     <span class='ocr_line' id='line_1_28' title="bbox 414 3160 1450 3240; baseline -0.008 -20"><span class='ocrx_word' id='word_1_229' title='bbox 414 3185 476 3236; x_wconf 82' lang='lat' dir='ltr'>test,</span> <span class='ocrx_word' id='word_1_230' title='bbox 493 3165 539 3220; x_wconf 86' lang='lat' dir='ltr'>s&#39;ed</span> <span class='ocrx_word' id='word_1_231' title='bbox 556 3181 610 3215; x_wconf 90' lang='lat' dir='ltr'>non</span> <span class='ocrx_word' id='word_1_232' title='bbox 626 3181 694 3234; x_wconf 78' lang='lat' dir='ltr'>opus</span> <span class='ocrx_word' id='word_1_233' title='bbox 706 3176 753 3215; x_wconf 84' lang='lat' dir='ltr'>est.</span> <span class='ocrx_word' id='word_1_234' title='bbox 770 3160 914 3236; x_wconf 74' lang='lat' dir='ltr'>Arpiteirat,</span> <span class='ocrx_word' id='word_1_235' title='bbox 959 3177 989 3240; x_wconf 78' lang='lat' dir='ltr'>ut</span> <span class='ocrx_word' id='word_1_236' title='bbox 999 3165 1129 3233; x_wconf 83' lang='lat' dir='ltr'>nesciret,</span> <span class='ocrx_word' id='word_1_237' title='bbox 1141 3163 1239 3220; x_wconf 83' lang='lat' dir='ltr'>abono</span> <span class='ocrx_word' id='word_1_238' title='bbox 1250 3163 1450 3238; x_wconf 82' lang='lat' dir='ltr'>petrenonscn&#39;·</span> 
     </span>
     <span class='ocr_line' id='line_1_29' title="bbox 413 3239 1450 3314; baseline -0.011 -13"><span class='ocrx_word' id='word_1_239' title='bbox 413 3245 432 3302; x_wconf 88' lang='lat' dir='ltr'>i.</span> <span class='ocrx_word' id='word_1_240' title='bbox 445 3269 468 3301; x_wconf 82' lang='lat' dir='ltr'>e.</span> <span class='ocrx_word' id='word_1_241' title='bbox 480 3239 638 3310; x_wconf 79' lang='lat' dir='ltr'>accusabat,</span> <span class='ocrx_word' id='word_1_242' title='bbox 648 3241 675 3294; x_wconf 88' lang='lat' dir='ltr'>in</span> <span class='ocrx_word' id='word_1_243' title='bbox 688 3246 857 3314; x_wconf 69' lang='lat' dir='ltr'>quaestionem</span> <span class='ocrx_word' id='word_1_244' title='bbox 868 3264 915 3296; x_wconf 88' lang='lat' dir='ltr'>vo·</span> <span class='ocrx_word' id='word_1_245' title='bbox 959 3241 987 3294; x_wconf 85' lang='lat' dir='ltr'>bi</span> <span class='ocrx_word' id='word_1_246' title='bbox 1006 3241 1147 3312; x_wconf 79' lang='lat' dir='ltr'>heredem,</span> <span class='ocrx_word' id='word_1_247' title='bbox 1169 3247 1220 3300; x_wconf 88' lang='lat' dir='ltr'>uisi</span> <span class='ocrx_word' id='word_1_248' title='bbox 1238 3247 1337 3300; x_wconf 81' lang='lat' dir='ltr'>malum</span> <span class='ocrx_word' id='word_1_249' title='bbox 1359 3242 1450 3295; x_wconf 86' lang='lat' dir='ltr'>Princi-</span> 
     </span>
     <span class='ocr_line' id='line_1_30' title="bbox 414 3319 1052 3396; baseline -0.014 -17"><span class='ocrx_word' id='word_1_250' title='bbox 414 3325 492 3386; x_wconf 83' lang='lat' dir='ltr'>enbat</span> <span class='ocrx_word' id='word_1_251' title='bbox 504 3339 583 3396; x_wconf 85' lang='lat' dir='ltr'>atque</span> <span class='ocrx_word' id='word_1_252' title='bbox 593 3319 755 3374; x_wconf 84' lang='lat' dir='ltr'>confiscabat</span> <span class='ocrx_word' id='word_1_253' title='bbox 764 3342 859 3376; x_wconf 89' lang='lat' dir='ltr'>census</span> <span class='ocrx_word' id='word_1_254' title='bbox 869 3344 915 3396; x_wconf 91' lang='lat' dir='ltr'>po·</span> <span class='ocrx_word' id='word_1_255' title='bbox 960 3341 1031 3396; x_wconf 85' lang='lat' dir='ltr'>pem.</span> <span class='ocrx_word' id='word_1_256' title='bbox 1042 3347 1052 3370; x_wconf 74' lang='grc' dir='ltr'>ι</span> 
     </span>
     <span class='ocr_line' id='line_1_31' title="bbox 416 3397 1451 3476; baseline -0.01 -18"><span class='ocrx_word' id='word_1_257' title='bbox 416 3422 471 3458; x_wconf 79' lang='lat' dir='ltr'>stoa</span> <span class='ocrx_word' id='word_1_258' title='bbox 481 3403 570 3476; x_wconf 82' lang='lat' dir='ltr'>alique</span> <span class='ocrx_word' id='word_1_259' title='bbox 580 3403 648 3454; x_wconf 82' lang='lat' dir='ltr'>forte</span> <span class='ocrx_word' id='word_1_260' title='bbox 659 3415 765 3469; x_wconf 87' lang='lat' dir='ltr'>auctos,</span> <span class='ocrx_word' id='word_1_261' title='bbox 776 3405 847 3473; x_wconf 89' lang='lat' dir='ltr'>prius</span> <span class='ocrx_word' id='word_1_262' title='bbox 858 3423 915 3475; x_wconf 85' lang='lat' dir='ltr'>per·</span> <span class='ocrx_word' id='word_1_263' title='bbox 996 3402 1021 3454; x_wconf 81' lang='lat'>8.</span> <span class='ocrx_word' id='word_1_264' title='bbox 1031 3403 1270 3474; x_wconf 80' lang='lat' dir='ltr'>Nuncrtpationcm.</span> <span class='ocrx_word' id='word_1_265' title='bbox 1284 3403 1359 3457; x_wconf 82' lang='lat' dir='ltr'>Conl.</span> <span class='ocrx_word' id='word_1_266' title='bbox 1368 3399 1399 3453; x_wconf 86' lang='lat' dir='ltr'>de</span> <span class='ocrx_word' id='word_1_267' title='bbox 1407 3397 1451 3450; x_wconf 86' lang='lat' dir='ltr'>hac</span> 
     </span>
     <span class='ocr_line' id='line_1_32' title="bbox 414 3476 1450 3562; baseline 0 -24"><span class='ocrx_word' id='word_1_268' title='bbox 414 3503 504 3562; x_wconf 86' lang='lat' dir='ltr'>peram</span> <span class='ocrx_word' id='word_1_269' title='bbox 526 3476 611 3533; x_wconf 84' lang='lat' dir='ltr'>editos</span> <span class='ocrx_word' id='word_1_270' title='bbox 632 3479 814 3532; x_wconf 81' lang='lat' dir='ltr'>calumniatus.</span> <span class='ocrx_word' id='word_1_271' title='bbox 840 3483 916 3534; x_wconf 88' lang='lat' dir='ltr'>Cete-</span> <span class='ocrx_word' id='word_1_272' title='bbox 960 3499 1026 3544; x_wconf 86' lang='lat' dir='ltr'>voce</span> <span class='ocrx_word' id='word_1_273' title='bbox 1044 3480 1158 3534; x_wconf 74' lang='lat' dir='ltr'>brisson.</span> <span class='ocrx_word' id='word_1_274' title='bbox 1178 3481 1211 3535; x_wconf 90' lang='lat' dir='ltr'>de</span> <span class='ocrx_word' id='word_1_275' title='bbox 1231 3479 1379 3547; x_wconf 88' lang='lat' dir='ltr'>Formulis,</span> <span class='ocrx_word' id='word_1_276' title='bbox 1395 3477 1450 3538; x_wconf 61' lang='lat' dir='ltr'>Vlla</span> 
     </span>
     <span class='ocr_line' id='line_1_33' title="bbox 415 3557 1098 3634; baseline -0.006 -19"><span class='ocrx_word' id='word_1_277' title='bbox 415 3585 473 3618; x_wconf 89' lang='lat' dir='ltr'>rum</span> <span class='ocrx_word' id='word_1_278' title='bbox 484 3557 555 3615; x_wconf 81' lang='lat' dir='ltr'>conf.</span> <span class='ocrx_word' id='word_1_279' title='bbox 568 3571 671 3611; x_wconf 80' lang='lat' dir='ltr'>scutum</span> <span class='ocrx_word' id='word_1_280' title='bbox 682 3557 714 3610; x_wconf 91' lang='lat' dir='ltr'>de</span> <span class='ocrx_word' id='word_1_281' title='bbox 722 3558 803 3611; x_wconf 87' lang='lat' dir='ltr'>verbo</span> <span class='ocrx_word' id='word_1_282' title='bbox 812 3580 917 3634; x_wconf 69' lang='lat' dir='ltr'>eripuere</span> <span class='ocrx_word' id='word_1_283' title='bbox 961 3577 1020 3630; x_wconf 77' lang='lat' dir='ltr'>pag.</span> <span class='ocrx_word' id='word_1_284' title='bbox 1038 3559 1098 3612; x_wconf 87' lang='lat'>585.</span> 
     </span>
     <span class='ocr_line' id='line_1_34' title="bbox 416 3635 1451 3710; baseline -0.014 -14"><span class='ocrx_word' id='word_1_285' title='bbox 416 3639 548 3696; x_wconf 81' lang='lat' dir='ltr'>Waltherl</span> <span class='ocrx_word' id='word_1_286' title='bbox 565 3637 789 3710; x_wconf 86' lang='lat' dir='ltr'>disputationem,</span> <span class='ocrx_word' id='word_1_287' title='bbox 805 3639 914 3692; x_wconf 83' lang='lat' dir='ltr'>Obserr.</span> <span class='ocrx_word' id='word_1_288' title='bbox 997 3657 1021 3708; x_wconf 87' lang='lat'>9.</span> <span class='ocrx_word' id='word_1_289' title='bbox 1031 3639 1161 3707; x_wconf 79' lang='lat' dir='ltr'>Macteas,</span> <span class='ocrx_word' id='word_1_290' title='bbox 1170 3659 1217 3693; x_wconf 84' lang='lat' dir='ltr'>seu</span> <span class='ocrx_word' id='word_1_291' title='bbox 1227 3652 1335 3693; x_wconf 82' lang='lat' dir='ltr'>matteas</span> <span class='ocrx_word' id='word_1_292' title='bbox 1344 3635 1383 3690; x_wconf 85' lang='lat' dir='ltr'>vel</span> <span class='ocrx_word' id='word_1_293' title='bbox 1393 3645 1451 3685; x_wconf 84' lang='lat' dir='ltr'>met·</span> 
     </span>
     <span class='ocr_line' id='line_1_35' title="bbox 416 3715 1453 3798; baseline -0.01 -23"><span class='ocrx_word' id='word_1_294' title='bbox 416 3743 477 3798; x_wconf 63' lang='lat' dir='ltr'>pap.</span> <span class='ocrx_word' id='word_1_295' title='bbox 494 3735 534 3772; x_wconf 77' lang='lat' dir='ltr'>nt.</span> <span class='ocrx_word' id='word_1_296' title='bbox 963 3729 1018 3794; x_wconf 77' lang='lat' dir='ltr'>tyas</span> <span class='ocrx_word' id='word_1_297' title='bbox 1029 3717 1153 3789; x_wconf 60' lang='lat' dir='ltr'>(namtas</span> <span class='ocrx_word' id='word_1_298' title='bbox 1167 3719 1315 3791; x_wconf 56' lang='lat' dir='ltr'>andren),</span> <span class='ocrx_word' id='word_1_299' title='bbox 1327 3715 1453 3791; x_wconf 86' lang='lat' dir='ltr'>placentu-</span> 
     </span>
     <span class='ocr_line' id='line_1_36' title="bbox 418 3787 1450 3868; baseline -0.001 -19"><span class='ocrx_word' id='word_1_300' title='bbox 418 3805 421 3812; x_wconf 90' lang='lat'>&#39;</span> <span class='ocrx_word' id='word_1_301' title='bbox 454 3797 478 3854; x_wconf 79' lang='lat'>5.</span> <span class='ocrx_word' id='word_1_302' title='bbox 487 3792 714 3868; x_wconf 76' lang='lat' dir='ltr'>Primipilarium5</span> <span class='ocrx_word' id='word_1_303' title='bbox 724 3806 753 3845; x_wconf 90' lang='lat' dir='ltr'>ut</span> <span class='ocrx_word' id='word_1_304' title='bbox 762 3795 855 3867; x_wconf 89' lang='lat' dir='ltr'>quibus</span> <span class='ocrx_word' id='word_1_305' title='bbox 866 3814 918 3848; x_wconf 84' lang='lat' dir='ltr'>em·</span> <span class='ocrx_word' id='word_1_306' title='bbox 962 3797 1009 3852; x_wconf 84' lang='lat' dir='ltr'>las.</span> <span class='ocrx_word' id='word_1_307' title='bbox 1021 3797 1086 3850; x_wconf 87' lang='lat' dir='ltr'>Vide</span> <span class='ocrx_word' id='word_1_308' title='bbox 1096 3798 1211 3853; x_wconf 87' lang='lat' dir='ltr'>Turneb.</span> <span class='ocrx_word' id='word_1_309' title='bbox 1223 3799 1330 3852; x_wconf 79' lang='lat' dir='ltr'>Advers.</span> <span class='ocrx_word' id='word_1_310' title='bbox 1341 3787 1450 3856; x_wconf 66' lang='lat' dir='ltr'>Xxlbss·</span> 
     </span>
     <span class='ocr_line' id='line_1_37' title="bbox 417 3868 1451 3957; baseline -0.006 -27"><span class='ocrx_word' id='word_1_311' title='bbox 417 3876 491 3957; x_wconf 75' lang='lat' dir='ltr'>pluris</span> <span class='ocrx_word' id='word_1_312' title='bbox 507 3878 663 3952; x_wconf 85' lang='lat' dir='ltr'>plerumque</span> <span class='ocrx_word' id='word_1_313' title='bbox 682 3877 868 3946; x_wconf 81' lang='lat' dir='ltr'>patrimonium</span> <span class='ocrx_word' id='word_1_314' title='bbox 886 3897 917 3928; x_wconf 82' lang='lat' dir='ltr'>ex</span> <span class='ocrx_word' id='word_1_315' title='bbox 1001 3894 1039 3928; x_wconf 86' lang='lat' dir='ltr'>ro.</span> <span class='ocrx_word' id='word_1_316' title='bbox 1056 3877 1227 3952; x_wconf 66' lang='lat' dir='ltr'>Coynoscebat</span> <span class='ocrx_word' id='word_1_317' title='bbox 1236 3888 1340 3945; x_wconf 81' lang='lat' dir='ltr'>autern,</span> <span class='ocrx_word' id='word_1_318' title='bbox 1352 3887 1399 3927; x_wconf 86' lang='lat' dir='ltr'>etc.</span> <span class='ocrx_word' id='word_1_319' title='bbox 1411 3868 1451 3921; x_wconf 68' lang='lat' dir='ltr'>His</span> 
     </span>
     <span class='ocr_line' id='line_1_38' title="bbox 417 3949 1451 4031; baseline -0.013 -19"><span class='ocrx_word' id='word_1_320' title='bbox 417 3955 601 4012; x_wconf 85' lang='lat' dir='ltr'>emolumentis</span> <span class='ocrx_word' id='word_1_321' title='bbox 618 3949 720 4006; x_wconf 83' lang='lat' dir='ltr'>bellicis</span> <span class='ocrx_word' id='word_1_322' title='bbox 741 3954 917 4007; x_wconf 86' lang='lat' dir='ltr'>testamentis·</span> <span class='ocrx_word' id='word_1_323' title='bbox 962 3955 995 4008; x_wconf 88' lang='lat' dir='ltr'>de</span> <span class='ocrx_word' id='word_1_324' title='bbox 1008 3957 1093 4009; x_wconf 84' lang='lat' dir='ltr'>causis</span> <span class='ocrx_word' id='word_1_325' title='bbox 1108 3955 1187 4010; x_wconf 86' lang='lat' dir='ltr'>Ceius</span> <span class='ocrx_word' id='word_1_326' title='bbox 1198 3959 1256 4031; x_wconf 85' lang='lat' dir='ltr'>ipsc</span> <span class='ocrx_word' id='word_1_327' title='bbox 1268 3949 1451 4029; x_wconf 76' lang='lat' dir='ltr'>cognoscebat,</span> 
     </span>
     <span class='ocr_line' id='line_1_39' title="bbox 419 4021 1451 4109; baseline -0.009 -17"><span class='ocrx_word' id='word_1_328' title='bbox 419 4021 423 4030; x_wconf 89' lang='lat'>.</span> <span class='ocrx_word' id='word_1_329' title='bbox 436 4058 468 4092; x_wconf 88' lang='lat' dir='ltr'>ue</span> <span class='ocrx_word' id='word_1_330' title='bbox 480 4036 590 4089; x_wconf 88' lang='lat' dir='ltr'>militurn</span> <span class='ocrx_word' id='word_1_331' title='bbox 620 4031 728 4106; x_wconf 69' lang='lat' dir='ltr'>dignum</span> <span class='ocrx_word' id='word_1_332' title='bbox 740 4027 807 4084; x_wconf 88' lang='lat' dir='ltr'>adeo</span> <span class='ocrx_word' id='word_1_333' title='bbox 821 4032 918 4086; x_wconf 87' lang='lat' dir='ltr'>Princi·</span> <span class='ocrx_word' id='word_1_334' title='bbox 962 4048 1047 4088; x_wconf 76' lang='lat' dir='ltr'>taxata</span> <span class='ocrx_word' id='word_1_335' title='bbox 1056 4037 1129 4108; x_wconf 88' lang='lat' dir='ltr'>prius</span> <span class='ocrx_word' id='word_1_336' title='bbox 1140 4057 1258 4104; x_wconf 83' lang='lat' dir='ltr'>summa,</span> <span class='ocrx_word' id='word_1_337' title='bbox 1269 4055 1348 4109; x_wconf 89' lang='lat' dir='ltr'>quam</span> <span class='ocrx_word' id='word_1_338' title='bbox 1358 4030 1451 4100; x_wconf 77' lang='lat' dir='ltr'>accipe·</span> 
     </span>
     <span class='ocr_line' id='line_1_40' title="bbox 416 4072 1452 4194; baseline -0.012 -23"><span class='ocrx_word' id='word_1_339' title='bbox 416 4115 457 4194; x_wconf 75' lang='lat' dir='ltr'>l’¹.³</span> <span class='ocrx_word' id='word_1_340' title='bbox 470 4117 571 4188; x_wconf 80' lang='lat' dir='ltr'>rapina.</span> <span class='ocrx_word' id='word_1_341' title='bbox 584 4072 626 4165; x_wconf 77' lang='lat' dir='ltr'>ill.</span> <span class='ocrx_word' id='word_1_342' title='bbox 640 4109 706 4178; x_wconf 87' lang='lat' dir='ltr'>Dio,</span> <span class='ocrx_word' id='word_1_343' title='bbox 721 4110 795 4180; x_wconf 82' lang='lat' dir='ltr'>th,</span> <span class='ocrx_word' id='word_1_344' title='bbox 813 4111 857 4179; x_wconf 85' lang='lat'>15,</span> <span class='ocrx_word' id='word_1_345' title='bbox 872 4112 918 4184; x_wconf 87' lang='lat' dir='ltr'>qui</span> <span class='ocrx_word' id='word_1_346' title='bbox 963 4131 1002 4169; x_wconf 88' lang='lat' dir='ltr'>ret</span> <span class='ocrx_word' id='word_1_347' title='bbox 1010 4113 1104 4187; x_wconf 82' lang='lat' dir='ltr'>judicii</span> <span class='ocrx_word' id='word_1_348' title='bbox 1112 4121 1224 4190; x_wconf 88' lang='lat' dir='ltr'>pretium</span> <span class='ocrx_word' id='word_1_349' title='bbox 1234 4140 1240 4181; x_wconf 90' lang='lat'>;</span> <span class='ocrx_word' id='word_1_350' title='bbox 1252 4119 1370 4171; x_wconf 83' lang='lat' dir='ltr'>coniecta</span> <span class='ocrx_word' id='word_1_351' title='bbox 1380 4127 1452 4184; x_wconf 87' lang='lat' dir='ltr'>pecu·</span> 
     </span>
     <span class='ocr_line' id='line_1_41' title="bbox 417 4191 1451 4268; baseline -0.013 -17"><span class='ocrx_word' id='word_1_352' title='bbox 417 4198 591 4251; x_wconf 80' lang='lat' dir='ltr'>Centuriones</span> <span class='ocrx_word' id='word_1_353' title='bbox 607 4191 775 4263; x_wconf 85' lang='lat' dir='ltr'>sirnplicit&#39;er,</span> <span class='ocrx_word' id='word_1_354' title='bbox 792 4206 819 4244; x_wconf 85' lang='lat' dir='ltr'>at</span> <span class='ocrx_word' id='word_1_355' title='bbox 832 4191 931 4248; x_wconf 86' lang='lat' dir='ltr'>minus&#39;</span> <span class='ocrx_word' id='word_1_356' title='bbox 963 4196 1040 4262; x_wconf 83' lang='lat' dir='ltr'>nie,e</span> <span class='ocrx_word' id='word_1_357' title='bbox 1049 4197 1174 4268; x_wconf 83' lang='lat' dir='ltr'>tribunali</span> <span class='ocrx_word' id='word_1_358' title='bbox 1182 4191 1387 4264; x_wconf 82' lang='lat' dir='ltr'>excitabatur(il</span> <span class='ocrx_word' id='word_1_359' title='bbox 1393 4206 1451 4242; x_wconf 85' lang='lat' dir='ltr'>ront-</span> 
     </span>
     <span class='ocr_line' id='line_1_42' title="bbox 419 4264 1196 4348; baseline -0.006 -18"><span class='ocrx_word' id='word_1_360' title='bbox 419 4290 539 4331; x_wconf 79' lang='lat' dir='ltr'>accurate</span> <span class='ocrx_word' id='word_1_361' title='bbox 552 4271 622 4326; x_wconf 75' lang='lat' dir='ltr'>(licit.</span> <span class='ocrx_word' id='word_1_362' title='bbox 670 4264 673 4276; x_wconf 59' lang='lat'><strong>¹</strong></span> <span class='ocrx_word' id='word_1_363' title='bbox 961 4275 1196 4348; x_wconf 81' lang='lat' dir='ltr'>peitl&#39;audience).</span> 
     </span>
    </p>
   </div>
   <div class='ocr_carea' id='block_1_5' title="bbox 0 0 1549 5148">
    <p class='ocr_par' dir='ltr' id='par_1_5' title="bbox 0 0 1549 5148">
     <span class='ocr_line' id='line_1_43' title="bbox 0 0 1549 5148; baseline 0 0"><span class='ocrx_word' id='word_1_364' title='bbox 0 0 1549 5148; x_wconf 95' lang='lat' dir='ltr'> </span> 
     </span>
    </p>
   </div>
  </div>
 </body>
</html>
