3076 5146
395 483 461 563 un
802 475 1027 541 nnnnsnn

393 624 459 659 sees.
468 601 627 676 Syracusani
636 601 710 651 fuere
720 597 811 651 coloni
820 599 1019 652 Corinthiorum
1028 623 1034 652 :
1046 618 1128 672 quare
1137 599 1261 656 isthmius
1269 603 1344 657 ludos
1352 607 1420 659 luisse

393 686 515 738 arbitror.
530 682 720 736 iselasticorum
737 699 833 734 nomen
849 699 917 752 supe
931 695 1086 754 corruptum
1100 683 1128 733 in
1142 685 1257 753 antiquis
1271 688 1419 739 monimentis

393 775 483 816 mouet
494 761 617 812 Bouhier.
631 761 658 810 in
671 760 754 830 Epist.
770 757 803 811 ad
817 760 1050 829 Hagenbuchium,
1062 779 1087 830 p.
1104 778 1143 811 11.
1158 764 1251 832 ltaque
1266 782 1323 814 cum
1335 765 1419 817 Graerio

393 855 418 892 et
434 843 582 892 Burmanno
597 835 684 908 probo
705 836 855 904 iselasticus,
876 841 989 910 quitum
1005 837 1167 890 celeberrimi
1186 853 1213 890 et
1231 841 1418 910 imperatoribus
1500 869 1503 884 ·

391 923 517 972 Romanis
530 921 598 990 grati
612 919 701 981 fuere;
717 917 786 968 unde
799 936 813 970 a
825 921 940 990 Trajano
955 921 982 970 in
995 919 1131 990 Bithynia,
1148 919 1182 970 ab
1195 920 1310 972 Antonio
1323 921 1417 974 Puteolis
1501 981 1503 990 Α

391 1003 512 1053 instituti.
521 998 589 1051 Vide
599 997 721 1067 Scaliger.
730 995 764 1048 de
773 997 884 1049 Emend.
895 998 987 1069 Temp.
1001 997 1046 1049 lib.
1056 1003 1088 1064 V,
1100 1018 1126 1070 p.
1140 1000 1202 1068 477.
1211 1000 1336 1054 iselastici
1346 1017 1417 1054 auten
1501 1007 1502 1016 ³

391 1080 467 1144 dicti,
478 1081 541 1150 quia
550 1081 679 1143 victores,
691 1076 844 1143 hieronicae,
858 1076 1039 1145 sirensdrsorn,
1052 1077 1079 1130 b.
1092 1097 1115 1130 e.
1128 1097 1178 1148 per
1189 1093 1292 1150 partem
1303 1100 1417 1134 murorum

391 1157 522 1224 dirutam,
533 1157 606 1208 velut
617 1159 644 1207 iu
658 1155 808 1226 triumpho,
821 1159 847 1209 in
860 1156 954 1209 urbem
966 1156 1113 1209 vehuntur:
1126 1160 1203 1227 cnjus
1216 1161 1318 1228 generis
1329 1161 1417 1212 luerunt

391 1240 568 1311 antiquissimi
581 1237 729 1309 Olympici,
744 1249 806 1306 post
817 1236 919 1309 Pythii,
934 1239 1043 1304 Nemei,
1055 1237 1172 1304 Isthmii,
1187 1239 1284 1312 aliique
1297 1239 1330 1290 ad
1343 1260 1417 1292 eorum

390 1319 586 1372 similitudinem
601 1318 725 1369 instituti.
738 1317 862 1368 Ceterum
872 1316 948 1384 illos,
963 1319 1016 1369 sire
1029 1319 1189 1384 iselasticus,
1202 1322 1257 1372 sive
1269 1322 1372 1386 asticos,
1383 1321 1424 1372 lu-=

389 1399 439 1451 dos
451 1419 465 1450 a
480 1399 544 1450 Caio
558 1398 691 1470 Syracusis
703 1397 838 1448 institutos
849 1415 922 1463 esse,
936 1410 965 1448 ut
979 1397 1111 1470 Scaligero
1123 1395 1141 1448 l.
1157 1417 1181 1449 c.
1198 1398 1299 1470 placet,
1310 1399 1336 1450 id
1346 1419 1358 1451 e
1368 1401 1417 1451 loro

390 1479 510 1534 Suetonii
520 1498 574 1531 nou
587 1490 708 1550 apparet.
720 1475 796 1530 Adde
808 1477 995 1546 iiouhierium,
1010 1481 1059 1552 Ep.
1073 1479 1107 1532 ad
1118 1480 1349 1549 Hagenbuchiuur,
1363 1499 1416 1551 pp.

399 1675 1413 1698 ΜΜΜΜΜΜΜΜΜἋΜἏΜΜΜΜΜΜΜΜ

703 1831 1021 1930 EXCURSUS
1051 1835 1117 1930 VI

611 2056 678 2125 ln
707 2053 1117 2144 assumuntur.
1150 2081 1205 2125 10.

862 2275 965 2286 usn—n—

389 2423 546 2508 Psonnrsrr
555 2453 590 2505 ad
599 2450 725 2505 solarium
736 2453 906 2526 proximum,
921 2466 972 2506 ete.
984 2455 1039 2505 Viri
1049 2453 1122 2505 docti
1132 2454 1257 2522 fuerunt,
1271 2459 1314 2528 qui
1327 2457 1418 2508 eresti·

388 2536 437 2608 giis
449 2532 572 2586 codicum
583 2533 757 2603 scriptorum,
773 2533 817 2602 qui
828 2530 966 2584 scolarium
979 2532 1137 2602 prefer-unt,
1153 2530 1271 2602 legerent
1284 2533 1420 2596 scolarium,

388 2613 465 2666 valde
476 2612 607 2685 probante
621 2613 787 2674 Burmanno,
801 2612 863 2662 Viro
877 2610 955 2681 longe
970 2612 1137 2675 doctissimo,
1151 2631 1264 2684 eumque
1278 2616 1419 2665 sententiaro

389 2713 443 2747 non
458 2709 551 2765 parum
562 2693 647 2761 jurari
662 2711 676 2741 a
691 2693 776 2747 Dione
787 2691 878 2742 Cassio
892 2691 1059 2762 etlosepho,
1074 2705 1215 2762 putarent:
1232 2713 1341 2764 quorum
1353 2693 1420 2757 alter,

388 2776 497 2844 Antiqq.
511 2770 586 2835 xlx,
600 2770 629 2832 3,
643 2769 901 2821 Claudium-latuisse
913 2770 1007 2834 trudit,
1019 2791 1084 2821 mre
1093 2792 1116 2822 rs
1128 2773 1261 2839 upsrssaau
1273 2772 1359 2838 lupar<
1369 2771 1420 2832 Rel-

386 2853 439 2918 ple·
455 2849 552 2918 χωρίον,
569 2851 596 2900 in
614 2849 684 2915 loco,
704 2851 739 2901 ad
752 2862 827 2921 quem
843 2851 936 2922 paucis
950 2851 1070 2924 gradibus
1084 2851 1293 2905 adscendere-tur:
1310 2851 1371 2904 alter
1382 2871 1420 2904 au·

391 2944 456 2997 tem,
470 2930 516 2981 lib.
534 2929 580 2980 Lx
594 2930 650 2980 init.
663 2927 686 2982 ir
699 2930 774 2996 peris
786 2949 832 2980 που
846 2933 960 2999 sensui,
974 2932 1001 2981 iu
1016 2930 1115 3003 angulo
1129 2933 1242 3002 quodam
1258 2934 1363 2985 obscuro.
1379 2929 1420 2984 sel

389 3031 443 3064 non
459 3029 541 3062 unum
556 3021 642 3060 tamen
656 3010 759 3074 obstat,
773 3028 827 3081 quo
840 3027 881 3062 me
893 3012 980 3062 futeor
991 3012 1127 3081 impediri,
1141 3031 1195 3082 quo
1210 3016 1295 3064 minus
1307 3031 1361 3064 eam
1371 3031 1421 3064 sen·

390 3091 498 3143 tentiam
510 3088 624 3161 probare
636 3091 743 3160 possim.
759 3091 825 3141 Nam
837 3093 924 3161 primo
937 3090 1063 3143 Claudius
1075 3093 1170 3141 timore
1181 3105 1323 3142 recesserat
1334 3093 1359 3142 in
1370 3091 1420 3140 die·

389 3185 461 3236 tum,
475 3189 544 3235 non,
560 3171 665 3241 opinor,
681 3173 707 3222 in
720 3174 805 3240 prima
816 3184 891 3242 parte
904 3183 983 3242 atque
995 3171 1067 3222 aditu
1079 3169 1185 3234 Palatii,
1198 3171 1244 3222 sed
1257 3173 1420 3234 remotiorem,

390 3251 417 3303 id
432 3249 505 3321 quod
521 3253 607 3321 ipsum
619 3249 743 3316 verbum,
762 3263 907 3315 recesserat,
921 3251 1027 3303 indicat.
1046 3249 1143 3301 Audita
1157 3250 1243 3316 uude,
1261 3270 1339 3322 quum
1353 3268 1422 3320 auge·

390 3341 462 3380 retur
473 3330 560 3394 timor,
570 3322 657 3398 'magis
670 3326 714 3380 ille
729 3328 811 3379 latero
825 3331 950 3398 cupiens,
965 3331 1069 3380 confert
1081 3347 1110 3381 se
1126 3330 1272 3394 inlocum,
1288 3330 1333 3381 uhi
1348 3331 1422 3380 miuus

392 3421 530 3479 quaeratur,
540 3417 587 3460 aut'
596 3407 826 3462 animadvertatur.
836 3411 892 3459 Hoc
900 3409 1046 3482 intelligere
1055 3411 1088 3461 de
1098 3409 1245 3461 sceleribus
1255 3429 1309 3462 nou
1318 3427 1421 3482 possum.

391 3487 533 3553 Quomodo
544 3489 616 3537 enim
632 3491 690 3558 quis
709 3489 736 3539 in
754 3488 845 3554 scalis,
863 3502 908 3540 aut
925 3508 1012 3561 prope
1029 3488 1158 3542 soulsrurn
1172 3487 1291 3558 gradus,
1304 3507 1350 3560 per
1364 3505 1422 3559 quos

390 3569 452 3630 itur,
465 3583 494 3616 se
504 3579 579 3636 putet
587 3565 668 3618 lutere
678 3570 773 3639 posse?
784 3572 877 3633 Porro,
890 3568 992 3620 obdidit
1002 3589 1029 3621 se
1042 3573 1110 3621 intra
1122 3569 1179 3621 vele
1189 3568 1293 3620 foribus
1304 3581 1421 3640 pretenta.

390 3646 448 3697 Hoc
464 3644 614 3717 quomodo,
629 3647 651 3696 si
666 3646 804 3698 scalarium
820 3647 952 3717 legamus,
968 3647 1108 3700 commode
1121 3649 1366 3719 interpretabimur?
1377 3648 1423 3698 lle·

391 3741 442 3795 que
457 3727 526 3777 enim
538 3725 596 3776 vela
607 3724 725 3792 foribus,
739 3746 790 3797 qua
806 3727 952 3779 scalaribus
965 3728 1082 3780 obversae
1092 3742 1170 3795 sunt,
1182 3729 1229 3780 sed
1243 3731 1270 3780 in
1285 3727 1423 3781 cubiculum

389 3823 495 3870 versus,
510 3805 717 3875 pretenduntut,
732 3819 760 3857 ut
771 3806 883 3876 intelligi
895 3821 983 3878 potest
998 3827 1028 3860 er
1040 3811 1086 3874 iis,
1104 3825 1161 3880 que
1174 3807 1209 3860 de
1222 3807 1287 3860 velis
1298 3811 1423 3879 januarum

313 3919 323 3933 .
390 3886 523 3954 congessit
533 3886 635 3956 Lipsius
650 3884 684 3937 ad
695 3887 778 3937 Tacit.
792 3890 859 3937 Ann.
871 3889 943 3952 XllI,
961 3887 985 3953 4.
999 3887 1104 3941 Soalure
1117 3901 1206 3939 autem
1217 3889 1306 3958 ipsum
1317 3905 1377 3959 quus
1391 3885 1423 3934 io·

390 3983 432 4017 res
442 3964 553 4028 lrabeat,
565 3968 615 4019 nisi
626 3967 694 4018 forte
705 3969 731 4018 in
742 3965 828 4030 aditu,
839 3969 908 4019 intra
919 3986 1029 4038 quarum
1040 3969 1097 4021 vela
1109 3985 1187 4019 neruo
1200 3986 1229 4019 se
1239 3967 1422 4020 occultetilaut

389 4042 454 4093 illud
465 4046 523 4114 quis
533 4061 587 4096 non
597 4044 677 4111 videt,
688 4046 843 4118 prorependi
850 4045 958 4098 verbum
971 4050 1059 4118 aptius
1069 4065 1135 4112 esse,
1148 4050 1169 4100 si
1181 4047 1215 4099 ad
1225 4043 1350 4100 solarium
1358 4045 1423 4098 Clau-

389 4121 449 4174 dius
461 4127 606 4192 processit,
625 4127 740 4196 quamsi
757 4124 791 4176 ed
810 4126 921 4177 scalaria
937 4129 964 4178 in
978 4127 1105 4179 interiore
1119 4127 1216 4179 domus
1232 4143 1361 4197 regressus
1376 4125 1423 4177 est?

391 4201 511 4273 Denique
525 4205 583 4275 ipsa
595 4205 668 4256 verbi
679 4203 824 4275 reponendi
837 4204 920 4256 forma
932 4221 1057 4277 suspecta
1067 4223 1124 4257 esse
1137 4216 1235 4277 potest.
1248 4207 1352 4257 Veteres
1362 4205 1422 4256 enin
