<?xml version="1.0" encoding="UTF-8"?>
<!DOCTYPE html PUBLIC "-//W3C//DTD XHTML 1.0 Transitional//EN"
    "http://www.w3.org/TR/xhtml1/DTD/xhtml1-transitional.dtd">
<html xmlns="http://www.w3.org/1999/xhtml" xml:lang="en" lang="en">
 <head>
  <title>
</title>
<meta http-equiv="Content-Type" content="text/html;charset=utf-8" />
  <meta name='ocr-system' content='tesseract 3.04.00' />
  <meta name='ocr-capabilities' content='ocr_page ocr_carea ocr_par ocr_line ocrx_word'/>
</head>
<body>
  <div class='ocr_page' id='page_1' title='image "./csuetoniitranqu00suetgoog_0461.png"; bbox 0 0 3076 5146; ppageno 0'>
   <div class='ocr_carea' id='block_1_1' title="bbox 289 505 1163 594">
    <p class='ocr_par' dir='ltr' id='par_1_1' title="bbox 289 505 1163 594">
     <span class='ocr_line' id='line_1_1' title="bbox 289 505 1163 594; baseline 0.006 -23"><span class='ocrx_word' id='word_1_1' title='bbox 289 507 350 572; x_wconf 83' lang='lat' dir='ltr'><strong>nn</strong></span> <span class='ocrx_word' id='word_1_2' title='bbox 375 506 595 574; x_wconf 74' lang='lat' dir='ltr'><strong>ratusra.</strong></span> <span class='ocrx_word' id='word_1_3' title='bbox 621 505 810 573; x_wconf 72' lang='lat' dir='ltr'><strong>aarum.</strong></span> <span class='ocrx_word' id='word_1_4' title='bbox 836 509 992 574; x_wconf 78' lang='lat' dir='ltr'><strong>niara.</strong></span> <span class='ocrx_word' id='word_1_5' title='bbox 1098 513 1163 594; x_wconf 68' lang='lat'><strong>423</strong></span> 
     </span>
    </p>
   </div>
   <div class='ocr_carea' id='block_1_2' title="bbox 117 632 1239 2068">
    <p class='ocr_par' dir='ltr' id='par_1_2' title="bbox 117 632 1239 2068">
     <span class='ocr_line' id='line_1_2' title="bbox 117 632 1166 731; baseline 0.006 -33"><span class='ocrx_word' id='word_1_6' title='bbox 117 632 327 723; x_wconf 86' lang='lat' dir='ltr'><strong>temporibus</strong></span> <span class='ocrx_word' id='word_1_7' title='bbox 334 632 536 727; x_wconf 86' lang='lat' dir='ltr'><strong>quibusdam</strong></span> <span class='ocrx_word' id='word_1_8' title='bbox 544 635 768 726; x_wconf 88' lang='lat' dir='ltr'><strong>superviginti</strong></span> <span class='ocrx_word' id='word_1_9' title='bbox 775 633 924 702; x_wconf 86' lang='lat' dir='ltr'><strong>celebres</strong></span> <span class='ocrx_word' id='word_1_10' title='bbox 932 634 1056 731; x_wconf 65' lang='lat' dir='ltr'><strong>schola</strong></span> <span class='ocrx_word' id='word_1_11' title='bbox 1063 635 1166 704; x_wconf 88' lang='lat' dir='ltr'><strong>fuisse</strong></span> 
     </span>
     <span class='ocr_line' id='line_1_3' title="bbox 117 739 1168 838; baseline 0.006 -30"><span class='ocrx_word' id='word_1_12' title='bbox 117 746 151 812; x_wconf 89' lang='lat' dir='ltr'><strong>in</strong></span> <span class='ocrx_word' id='word_1_13' title='bbox 169 744 262 812; x_wconf 92' lang='lat' dir='ltr'><strong>Urbe</strong></span> <span class='ocrx_word' id='word_1_14' title='bbox 277 745 473 829; x_wconf 85' lang='lat' dir='ltr'><strong>tradantur;</strong></span> <span class='ocrx_word' id='word_1_15' title='bbox 487 748 615 838; x_wconf 91' lang='lat' dir='ltr'><strong>pretia¹</strong></span> <span class='ocrx_word' id='word_1_16' title='bbox 633 739 939 814; x_wconf 80' lang='lat' dir='ltr'><strong>Grammaticorum</strong></span> <span class='ocrx_word' id='word_1_17' title='bbox 954 763 1064 832; x_wconf 89' lang='lat' dir='ltr'><strong>tanta,</strong></span> <span class='ocrx_word' id='word_1_18' title='bbox 1083 773 1168 816; x_wconf 86' lang='lat' dir='ltr'><strong>mer-</strong></span> 
     </span>
     <span class='ocr_line' id='line_1_4' title="bbox 118 853 1168 950; baseline 0.007 -28"><span class='ocrx_word' id='word_1_19' title='bbox 118 853 287 950; x_wconf 86' lang='lat' dir='ltr'><strong>cedesque</strong></span> <span class='ocrx_word' id='word_1_20' title='bbox 300 873 369 927; x_wconf 87' lang='lat' dir='ltr'><strong>tam</strong></span> <span class='ocrx_word' id='word_1_21' title='bbox 383 881 530 949; x_wconf 78' lang='lat' dir='ltr'><strong>magnae,</strong></span> <span class='ocrx_word' id='word_1_22' title='bbox 544 873 583 925; x_wconf 87' lang='lat' dir='ltr'><strong>ut</strong></span> <span class='ocrx_word' id='word_1_23' title='bbox 595 873 742 940; x_wconf 87' lang='lat' dir='ltr'><strong>constet,</strong></span> <span class='ocrx_word' id='word_1_24' title='bbox 758 862 937 928; x_wconf 78' lang='lat' dir='ltr'><strong>Lurirruu</strong></span> <span class='ocrx_word' id='word_1_25' title='bbox 954 865 1168 941; x_wconf 80' lang='lat' dir='ltr'><strong>Dirunrnau,</strong></span> 
     </span>
     <span class='ocr_line' id='line_1_5' title="bbox 119 966 1170 1060; baseline 0.01 -26"><span class='ocrx_word' id='word_1_26' title='bbox 119 989 222 1059; x_wconf 87' lang='lat' dir='ltr'><strong>quem</strong></span> <span class='ocrx_word' id='word_1_27' title='bbox 244 971 382 1036; x_wconf 74' lang='lat' dir='ltr'><strong>leneus</strong></span> <span class='ocrx_word' id='word_1_28' title='bbox 400 973 560 1039; x_wconf 68' lang='lat' dir='ltr'><strong>Mutuus</strong></span> <span class='ocrx_word' id='word_1_29' title='bbox 580 992 642 1060; x_wconf 93' lang='lat' dir='ltr'><strong>per</strong></span> <span class='ocrx_word' id='word_1_30' title='bbox 660 966 908 1038; x_wconf 83' lang='lat' dir='ltr'>cavillationem</span> <span class='ocrx_word' id='word_1_31' title='bbox 928 974 1074 1039; x_wconf 89' lang='lat' dir='ltr'><strong>nominis</strong></span> <span class='ocrx_word' id='word_1_32' title='bbox 1092 989 1170 1053; x_wconf 72' lang='grc' dir='ltr'>πανὸς</span> 
     </span>
     <span class='ocr_line' id='line_1_6' title="bbox 118 1076 1239 1170; baseline 0.005 -26"><span class='ocrx_word' id='word_1_33' title='bbox 118 1086 262 1170; x_wconf 47' lang='lat' dir='ltr'><strong>agap&amp;</strong></span> <span class='ocrx_word' id='word_1_34' title='bbox 279 1076 376 1161; x_wconf 89' lang='lat' dir='ltr'><strong>dicit,</strong></span> <span class='ocrx_word' id='word_1_35' title='bbox 390 1076 545 1148; x_wconf 88' lang='lat' dir='ltr'><strong>ducentis</strong></span> <span class='ocrx_word' id='word_1_36' title='bbox 561 1078 710 1147; x_wconf 91' lang='lat' dir='ltr'><strong>millibus</strong></span> <span class='ocrx_word' id='word_1_37' title='bbox 724 1104 903 1148; x_wconf 91' lang='lat' dir='ltr'><strong>nummum</strong></span> <span class='ocrx_word' id='word_1_38' title='bbox 914 1084 1038 1167; x_wconf 91' lang='lat' dir='ltr'><strong>Quinto</strong></span> <span class='ocrx_word' id='word_1_39' title='bbox 1051 1083 1170 1150; x_wconf 86' lang='lat' dir='ltr'><strong>Catulo</strong></span> <span class='ocrx_word' id='word_1_40' title='bbox 1235 1086 1239 1106; x_wconf 92' lang='lat'>&#39;</span> 
     </span>
     <span class='ocr_line' id='line_1_7' title="bbox 118 1191 1168 1273; baseline 0.005 -17"><span class='ocrx_word' id='word_1_41' title='bbox 118 1208 269 1273; x_wconf 86' lang='lat' dir='ltr'><strong>emtum,</strong></span> <span class='ocrx_word' id='word_1_42' title='bbox 292 1214 332 1260; x_wconf 86' lang='lat' dir='ltr'><strong>ac</strong></span> <span class='ocrx_word' id='word_1_43' title='bbox 352 1191 447 1261; x_wconf 89' lang='lat' dir='ltr'><strong>brevi</strong></span> <span class='ocrx_word' id='word_1_44' title='bbox 467 1193 731 1259; x_wconf 81' lang='lat' dir='ltr'><strong>manumissum:</strong></span> <span class='ocrx_word' id='word_1_45' title='bbox 754 1193 889 1261; x_wconf 76' lang='lat' dir='ltr'><strong>Lucum</strong></span> <span class='ocrx_word' id='word_1_46' title='bbox 909 1198 1102 1262; x_wconf 76' lang='lat' dir='ltr'><strong>Arrunaruu</strong></span> <span class='ocrx_word' id='word_1_47' title='bbox 1126 1195 1168 1261; x_wconf 91' lang='lat' dir='ltr'><strong>ab</strong></span> 
     </span>
     <span class='ocr_line' id='line_1_8' title="bbox 120 1303 1169 1400; baseline 0.004 -30"><span class='ocrx_word' id='word_1_48' title='bbox 120 1303 225 1375; x_wconf 86' lang='lat' dir='ltr'><strong>Elicio</strong></span> <span class='ocrx_word' id='word_1_49' title='bbox 241 1303 398 1387; x_wconf 84' lang='lat' dir='ltr'><strong>Calvino,</strong></span> <span class='ocrx_word' id='word_1_50' title='bbox 416 1306 536 1398; x_wconf 88' lang='lat' dir='ltr'><strong>Equite</strong></span> <span class='ocrx_word' id='word_1_51' title='bbox 552 1309 704 1372; x_wconf 85' lang='lat' dir='ltr'><strong>Romano</strong></span> <span class='ocrx_word' id='word_1_52' title='bbox 719 1303 910 1398; x_wconf 63' lang='lat' dir='ltr'><strong>predivite,</strong></span> <span class='ocrx_word' id='word_1_53' title='bbox 931 1305 1169 1400; x_wconf 78' lang='lat' dir='ltr'><strong>quadringenis</strong></span> 
     </span>
     <span class='ocr_line' id='line_1_9' title="bbox 119 1414 1170 1510; baseline 0.001 -26"><span class='ocrx_word' id='word_1_54' title='bbox 119 1420 244 1488; x_wconf 81' lang='lat' dir='ltr'><strong>annuis</strong></span> <span class='ocrx_word' id='word_1_55' title='bbox 255 1416 478 1497; x_wconf 87' lang='lat' dir='ltr'><strong>conductum,</strong></span> <span class='ocrx_word' id='word_1_56' title='bbox 494 1414 619 1483; x_wconf 90' lang='lat' dir='ltr'><strong>multos</strong></span> <span class='ocrx_word' id='word_1_57' title='bbox 633 1415 819 1484; x_wconf 81' lang='lat' dir='ltr'><strong>edocuisse.</strong></span> <span class='ocrx_word' id='word_1_58' title='bbox 834 1423 919 1484; x_wconf 88' lang='lat' dir='ltr'><strong>Nam</strong></span> <span class='ocrx_word' id='word_1_59' title='bbox 933 1421 968 1486; x_wconf 89' lang='lat' dir='ltr'><strong>in</strong></span> <span class='ocrx_word' id='word_1_60' title='bbox 980 1421 1170 1510; x_wconf 86' lang='lat' dir='ltr'><strong>provincias</strong></span> 
     </span>
     <span class='ocr_line' id='line_1_10' title="bbox 120 1527 1171 1622; baseline 0 -26"><span class='ocrx_word' id='word_1_61' title='bbox 120 1545 260 1622; x_wconf 82' lang='lat' dir='ltr'><strong>quoque</strong></span> <span class='ocrx_word' id='word_1_62' title='bbox 275 1529 500 1597; x_wconf 69' lang='lat' dir='ltr'><strong>Grammaticis</strong></span> <span class='ocrx_word' id='word_1_63' title='bbox 515 1542 768 1619; x_wconf 89' lang='lat' dir='ltr'><strong>penetraverat,</strong></span> <span class='ocrx_word' id='word_1_64' title='bbox 785 1551 825 1596; x_wconf 90' lang='lat' dir='ltr'><strong>ac</strong></span> <span class='ocrx_word' id='word_1_65' title='bbox 840 1527 996 1596; x_wconf 91' lang='lat' dir='ltr'><strong>nonnulli</strong></span> <span class='ocrx_word' id='word_1_66' title='bbox 1012 1527 1054 1598; x_wconf 90' lang='lat' dir='ltr'><strong>de</strong></span> <span class='ocrx_word' id='word_1_67' title='bbox 1071 1531 1171 1596; x_wconf 90' lang='lat' dir='ltr'><strong>notis·</strong></span> 
     </span>
     <span class='ocr_line' id='line_1_11' title="bbox 120 1635 1187 1730; baseline 0.002 -25"><span class='ocrx_word' id='word_1_68' title='bbox 120 1640 216 1705; x_wconf 87' lang='lat' dir='ltr'><strong>simis</strong></span> <span class='ocrx_word' id='word_1_69' title='bbox 238 1635 431 1706; x_wconf 83' lang='lat' dir='ltr'><strong>doctoribus</strong></span> <span class='ocrx_word' id='word_1_70' title='bbox 451 1661 591 1730; x_wconf 78' lang='lat' dir='ltr'>peregre</span> <span class='ocrx_word' id='word_1_71' title='bbox 612 1635 819 1721; x_wconf 89' lang='lat' dir='ltr'><strong>docuerunt,</strong></span> <span class='ocrx_word' id='word_1_72' title='bbox 841 1641 986 1709; x_wconf 84' lang='lat' dir='ltr'><strong>maxime</strong></span> <span class='ocrx_word' id='word_1_73' title='bbox 1008 1642 1042 1706; x_wconf 93' lang='lat' dir='ltr'><strong>in</strong></span> <span class='ocrx_word' id='word_1_74' title='bbox 1065 1639 1187 1707; x_wconf 53' lang='lat' dir='ltr'><strong>Gallia*</strong></span> 
     </span>
     <span class='ocr_line' id='line_1_12' title="bbox 120 1752 1175 1845; baseline -0.001 -25"><span class='ocrx_word' id='word_1_75' title='bbox 120 1756 269 1842; x_wconf 86' lang='lat' dir='ltr'><strong>Togata:</strong></span> <span class='ocrx_word' id='word_1_76' title='bbox 287 1754 374 1820; x_wconf 87' lang='lat' dir='ltr'><strong>inter</strong></span> <span class='ocrx_word' id='word_1_77' title='bbox 391 1773 476 1845; x_wconf 88' lang='lat' dir='ltr'><strong>quos</strong></span> <span class='ocrx_word' id='word_1_78' title='bbox 492 1752 658 1818; x_wconf 78' lang='lat' dir='ltr'><strong>Ocrivrus</strong></span> <span class='ocrx_word' id='word_1_79' title='bbox 675 1756 828 1831; x_wconf 82' lang='lat' dir='ltr'><strong>Taucan,</strong></span> <span class='ocrx_word' id='word_1_80' title='bbox 848 1769 882 1818; x_wconf 90' lang='lat' dir='ltr'><strong>et</strong></span> <span class='ocrx_word' id='word_1_81' title='bbox 899 1753 1087 1820; x_wconf 81' lang='lat' dir='ltr'><strong>Siscannrus</strong></span> <span class='ocrx_word' id='word_1_82' title='bbox 1107 1757 1175 1819; x_wconf 78' lang='lat' dir='ltr'><strong>lie-</strong></span> 
     </span>
     <span class='ocr_line' id='line_1_13' title="bbox 120 1860 1169 1956; baseline 0 -24"><span class='ocrx_word' id='word_1_83' title='bbox 120 1887 224 1945; x_wconf 82' lang='lat' dir='ltr'><strong>cuus,</strong></span> <span class='ocrx_word' id='word_1_84' title='bbox 239 1877 274 1930; x_wconf 89' lang='lat' dir='ltr'><strong>et</strong></span> <span class='ocrx_word' id='word_1_85' title='bbox 285 1866 405 1932; x_wconf 71' lang='lat' dir='ltr'><strong>mirus</strong></span> <span class='ocrx_word' id='word_1_86' title='bbox 415 1866 557 1930; x_wconf 73' lang='lat' dir='ltr'><strong>Cuiam:</strong></span> <span class='ocrx_word' id='word_1_87' title='bbox 573 1860 629 1929; x_wconf 90' lang='lat' dir='ltr'><strong>hic</strong></span> <span class='ocrx_word' id='word_1_88' title='bbox 641 1862 780 1956; x_wconf 88' lang='lat' dir='ltr'><strong>quidem</strong></span> <span class='ocrx_word' id='word_1_89' title='bbox 792 1861 836 1932; x_wconf 88' lang='lat' dir='ltr'><strong>ad</strong></span> <span class='ocrx_word' id='word_1_90' title='bbox 849 1861 1003 1933; x_wconf 84' lang='lat' dir='ltr'><strong>ultimam</strong></span> <span class='ocrx_word' id='word_1_91' title='bbox 1019 1879 1169 1945; x_wconf 82' lang='lat' dir='ltr'><strong>aetatem,</strong></span> 
     </span>
     <span class='ocr_line' id='line_1_14' title="bbox 120 1971 1122 2068; baseline -0.001 -26"><span class='ocrx_word' id='word_1_92' title='bbox 120 1992 157 2044; x_wconf 88' lang='lat' dir='ltr'><strong>et</strong></span> <span class='ocrx_word' id='word_1_93' title='bbox 168 1998 276 2068; x_wconf 93' lang='lat' dir='ltr'><strong>quum</strong></span> <span class='ocrx_word' id='word_1_94' title='bbox 284 1971 356 2067; x_wconf 89' lang='lat' dir='ltr'><strong>jam</strong></span> <span class='ocrx_word' id='word_1_95' title='bbox 368 1996 437 2042; x_wconf 88' lang='lat' dir='ltr'><strong>non</strong></span> <span class='ocrx_word' id='word_1_96' title='bbox 449 1997 566 2066; x_wconf 89' lang='lat' dir='ltr'><strong>gressu</strong></span> <span class='ocrx_word' id='word_1_97' title='bbox 579 1971 682 2040; x_wconf 92' lang='lat' dir='ltr'><strong>modo</strong></span> <span class='ocrx_word' id='word_1_98' title='bbox 693 1972 907 2056; x_wconf 83' lang='lat' dir='ltr'><strong>deficeretur,</strong></span> <span class='ocrx_word' id='word_1_99' title='bbox 919 1973 979 2042; x_wconf 88' lang='lat' dir='ltr'><strong>sed</strong></span> <span class='ocrx_word' id='word_1_100' title='bbox 993 1990 1028 2040; x_wconf 91' lang='lat' dir='ltr'><strong>et</strong></span> <span class='ocrx_word' id='word_1_101' title='bbox 1037 1975 1122 2042; x_wconf 90' lang='lat' dir='ltr'><strong>visu.</strong></span> 
     </span>
    </p>
   </div>
   <div class='ocr_carea' id='block_1_3' title="bbox 88 2098 1176 2532">
    <p class='ocr_par' dir='ltr' id='par_1_3' title="bbox 88 2098 1176 2532">
     <span class='ocr_line' id='line_1_15' title="bbox 88 2098 1173 2198; baseline -0.004 -28"><span class='ocrx_word' id='word_1_102' title='bbox 88 2173 90 2178; x_wconf 64' lang='grc'>,</span> <span class='ocrx_word' id='word_1_103' title='bbox 170 2109 227 2171; x_wconf 87' lang='lat' dir='ltr'><strong>IV.</strong></span> <span class='ocrx_word' id='word_1_104' title='bbox 258 2102 447 2198; x_wconf 83' lang='lat' dir='ltr'><strong>Appellatio</strong></span> <span class='ocrx_word' id='word_1_105' title='bbox 477 2103 761 2169; x_wconf 79' lang='lat' dir='ltr'><strong>Grammaticorum</strong></span> <span class='ocrx_word' id='word_1_106' title='bbox 787 2103 902 2168; x_wconf 75' lang='lat' dir='ltr'><strong>Graeca</strong></span> <span class='ocrx_word' id='word_1_107' title='bbox 930 2098 1173 2168; x_wconf 90' lang='lat' dir='ltr'><strong>consuetudine</strong></span> 
     </span>
     <span class='ocr_line' id='line_1_16' title="bbox 122 2211 1173 2308; baseline -0.004 -24"><span class='ocrx_word' id='word_1_108' title='bbox 122 2215 283 2299; x_wconf 83' lang='lat' dir='ltr'><strong>invaluit3</strong></span> <span class='ocrx_word' id='word_1_109' title='bbox 298 2217 357 2284; x_wconf 90' lang='lat' dir='ltr'><strong>sed</strong></span> <span class='ocrx_word' id='word_1_110' title='bbox 366 2217 462 2283; x_wconf 90' lang='lat' dir='ltr'><strong>initio</strong></span> <span class='ocrx_word' id='word_1_111' title='bbox 472 2217 608 2280; x_wconf 83' lang='lat' dir='ltr'><strong>Literati</strong></span> <span class='ocrx_word' id='word_1_112' title='bbox 618 2213 835 2282; x_wconf 89' lang='lat' dir='ltr'><strong>vocabantur.</strong></span> <span class='ocrx_word' id='word_1_113' title='bbox 849 2211 1025 2280; x_wconf 88' lang='lat' dir='ltr'><strong>Cornelius</strong></span> <span class='ocrx_word' id='word_1_114' title='bbox 1037 2237 1173 2308; x_wconf 91' lang='lat' dir='ltr'><strong>quoque</strong></span> 
     </span>
     <span class='ocr_line' id='line_1_17' title="bbox 122 2321 1176 2420; baseline -0.003 -27"><span class='ocrx_word' id='word_1_115' title='bbox 122 2331 238 2419; x_wconf 84' lang='lat' dir='ltr'><strong>Nepos</strong></span> <span class='ocrx_word' id='word_1_116' title='bbox 251 2329 287 2392; x_wconf 93' lang='lat' dir='ltr'><strong>in</strong></span> <span class='ocrx_word' id='word_1_117' title='bbox 300 2325 431 2408; x_wconf 89' lang='lat' dir='ltr'><strong>libello,</strong></span> <span class='ocrx_word' id='word_1_118' title='bbox 447 2349 514 2420; x_wconf 93' lang='lat' dir='ltr'><strong>quo</strong></span> <span class='ocrx_word' id='word_1_119' title='bbox 529 2323 704 2416; x_wconf 79' lang='lat' dir='ltr'><strong>distinguit</strong></span> <span class='ocrx_word' id='word_1_120' title='bbox 721 2325 880 2390; x_wconf 85' lang='lat' dir='ltr'><strong>literatum</strong></span> <span class='ocrx_word' id='word_1_121' title='bbox 895 2323 936 2390; x_wconf 91' lang='lat' dir='ltr'><strong>ab</strong></span> <span class='ocrx_word' id='word_1_122' title='bbox 952 2325 1091 2404; x_wconf 79' lang='lat' dir='ltr'><strong>erudito,</strong></span> <span class='ocrx_word' id='word_1_123' title='bbox 1112 2321 1176 2390; x_wconf 75' lang='lat' dir='ltr'><strong>ali-</strong></span> 
     </span>
     <span class='ocr_line' id='line_1_18' title="bbox 123 2427 1172 2532; baseline -0.003 -28"><span class='ocrx_word' id='word_1_124' title='bbox 123 2453 250 2505; x_wconf 86' lang='lat' dir='ltr'><strong>teratos</strong></span> <span class='ocrx_word' id='word_1_125' title='bbox 262 2437 400 2532; x_wconf 82' lang='lat' dir='ltr'><strong>quidem</strong></span> <span class='ocrx_word' id='word_1_126' title='bbox 413 2427 516 2528; x_wconf 91' lang='lat' dir='ltr'><strong>vulgo</strong></span> <span class='ocrx_word' id='word_1_127' title='bbox 530 2435 717 2530; x_wconf 70' lang='lat' dir='ltr'><strong>appellari»</strong></span> <span class='ocrx_word' id='word_1_128' title='bbox 735 2437 782 2504; x_wconf 90' lang='lat' dir='ltr'><strong>ait</strong></span> <span class='ocrx_word' id='word_1_129' title='bbox 798 2457 897 2517; x_wconf 75' lang='lat' dir='ltr'><strong>«eos,</strong></span> <span class='ocrx_word' id='word_1_130' title='bbox 913 2436 972 2527; x_wconf 92' lang='lat' dir='ltr'><strong>qui</strong></span> <span class='ocrx_word' id='word_1_131' title='bbox 984 2433 1112 2530; x_wconf 87' lang='lat' dir='ltr'><strong>aliquid</strong></span> <span class='ocrx_word' id='word_1_132' title='bbox 1124 2433 1172 2501; x_wconf 92' lang='lat' dir='ltr'><strong>di-</strong></span> 
     </span>
    </p>
   </div>
   <div class='ocr_carea' id='block_1_4' title="bbox 123 2544 1183 3641">
    <p class='ocr_par' dir='ltr' id='par_1_4' title="bbox 123 2544 1183 3641">
     <span class='ocr_line' id='line_1_19' title="bbox 123 2544 1173 2640; baseline -0.002 -27"><span class='ocrx_word' id='word_1_133' title='bbox 123 2547 267 2638; x_wconf 82' lang='lat' dir='ltr'><strong>ligenter</strong></span> <span class='ocrx_word' id='word_1_134' title='bbox 283 2563 315 2613; x_wconf 87' lang='lat' dir='ltr'><strong>et</strong></span> <span class='ocrx_word' id='word_1_135' title='bbox 331 2563 428 2614; x_wconf 87' lang='lat' dir='ltr'><strong>acute</strong></span> <span class='ocrx_word' id='word_1_136' title='bbox 446 2547 656 2640; x_wconf 85' lang='lat' dir='ltr'><strong>scienterque</strong></span> <span class='ocrx_word' id='word_1_137' title='bbox 671 2547 803 2638; x_wconf 90' lang='lat' dir='ltr'><strong>possint</strong></span> <span class='ocrx_word' id='word_1_138' title='bbox 813 2560 872 2612; x_wconf 89' lang='lat' dir='ltr'><strong>aut</strong></span> <span class='ocrx_word' id='word_1_139' title='bbox 883 2544 1012 2628; x_wconf 81' lang='lat' dir='ltr'><strong>dicere,</strong></span> <span class='ocrx_word' id='word_1_140' title='bbox 1022 2560 1082 2610; x_wconf 90' lang='lat' dir='ltr'><strong>aut</strong></span> <span class='ocrx_word' id='word_1_141' title='bbox 1092 2547 1173 2611; x_wconf 90' lang='lat' dir='ltr'><strong>scri-</strong></span> 
     </span>
     <span class='ocr_line' id='line_1_20' title="bbox 124 2652 1177 2750; baseline -0.005 -27"><span class='ocrx_word' id='word_1_142' title='bbox 124 2656 222 2723; x_wconf 87' lang='lat' dir='ltr'><strong>bere:</strong></span> <span class='ocrx_word' id='word_1_143' title='bbox 246 2673 397 2724; x_wconf 86' lang='lat' dir='ltr'><strong>ceterum</strong></span> <span class='ocrx_word' id='word_1_144' title='bbox 416 2657 553 2750; x_wconf 88' lang='lat' dir='ltr'><strong>proprie</strong></span> <span class='ocrx_word' id='word_1_145' title='bbox 573 2657 622 2722; x_wconf 92' lang='lat' dir='ltr'><strong>sic</strong></span> <span class='ocrx_word' id='word_1_146' title='bbox 640 2652 860 2747; x_wconf 89' lang='lat' dir='ltr'><strong>appellandos</strong></span> <span class='ocrx_word' id='word_1_147' title='bbox 878 2669 1056 2747; x_wconf 89' lang='lat' dir='ltr'><strong>poetarum</strong></span> <span class='ocrx_word' id='word_1_148' title='bbox 1077 2657 1177 2721; x_wconf 89' lang='lat' dir='ltr'><strong>inter-</strong></span> 
     </span>
     <span class='ocr_line' id='line_1_21' title="bbox 124 2761 1175 2859; baseline -0.006 -27"><span class='ocrx_word' id='word_1_149' title='bbox 124 2782 257 2859; x_wconf 86' lang='lat' dir='ltr'><strong>pretes,</strong></span> <span class='ocrx_word' id='word_1_150' title='bbox 271 2767 330 2859; x_wconf 87' lang='lat' dir='ltr'><strong>qui</strong></span> <span class='ocrx_word' id='word_1_151' title='bbox 340 2790 361 2832; x_wconf 89' lang='lat' dir='ltr'><strong>a</strong></span> <span class='ocrx_word' id='word_1_152' title='bbox 374 2767 498 2832; x_wconf 87' lang='lat' dir='ltr'><strong>Graecis</strong></span> <span class='ocrx_word' id='word_1_153' title='bbox 509 2779 679 2858; x_wconf 58' lang='grc' dir='ltr'>γραμματικοί</span> <span class='ocrx_word' id='word_1_154' title='bbox 689 2765 917 2830; x_wconf 82' lang='lat' dir='ltr'><strong>nominentur.</strong></span> <span class='ocrx_word' id='word_1_155' title='bbox 931 2795 944 2824; x_wconf 71' lang='lat' dir='ltr'><strong>a</strong></span> <span class='ocrx_word' id='word_1_156' title='bbox 962 2761 1107 2830; x_wconf 88' lang='lat' dir='ltr'><strong>Eosdem</strong></span> <span class='ocrx_word' id='word_1_157' title='bbox 1119 2765 1175 2827; x_wconf 79' lang='lat' dir='ltr'><strong>Lr‘-</strong></span> 
     </span>
     <span class='ocr_line' id='line_1_22' title="bbox 124 2871 1178 2970; baseline -0.003 -27"><span class='ocrx_word' id='word_1_158' title='bbox 124 2892 272 2945; x_wconf 81' lang='lat' dir='ltr'><strong>teratores</strong></span> <span class='ocrx_word' id='word_1_159' title='bbox 283 2881 443 2946; x_wconf 85' lang='lat' dir='ltr'><strong>vocitatos</strong></span> <span class='ocrx_word' id='word_1_160' title='bbox 453 2887 475 2960; x_wconf 81' lang='lat'><strong>¹,</strong></span> <span class='ocrx_word' id='word_1_161' title='bbox 491 2877 635 2946; x_wconf 81' lang='lat' dir='ltr'><strong>Messala</strong></span> <span class='ocrx_word' id='word_1_162' title='bbox 650 2879 815 2944; x_wconf 88' lang='lat' dir='ltr'><strong>Corvinus</strong></span> <span class='ocrx_word' id='word_1_163' title='bbox 829 2879 864 2942; x_wconf 92' lang='lat' dir='ltr'><strong>in</strong></span> <span class='ocrx_word' id='word_1_164' title='bbox 878 2873 1024 2970; x_wconf 89' lang='lat' dir='ltr'><strong>quadam</strong></span> <span class='ocrx_word' id='word_1_165' title='bbox 1037 2871 1178 2967; x_wconf 89' lang='lat' dir='ltr'><strong>epistola</strong></span> 
     </span>
     <span class='ocr_line' id='line_1_23' title="bbox 124 2985 1164 3072; baseline -0.007 -15"><span class='ocrx_word' id='word_1_166' title='bbox 124 2989 290 3072; x_wconf 85' lang='lat' dir='ltr'><strong>ostendit,</strong></span> <span class='ocrx_word' id='word_1_167' title='bbox 308 3013 405 3060; x_wconf 78' lang='lat' dir='ltr'><strong>«non</strong></span> <span class='ocrx_word' id='word_1_168' title='bbox 417 3013 490 3058; x_wconf 88' lang='lat' dir='ltr'><strong>esse</strong></span> <span class='ocrx_word' id='word_1_169' title='bbox 502 2989 607 3071; x_wconf 74' lang='lat' dir='ltr'><strong>sibi,n</strong></span> <span class='ocrx_word' id='word_1_170' title='bbox 623 2985 755 3070; x_wconf 90' lang='lat' dir='ltr'><strong>dicens,</strong></span> <span class='ocrx_word' id='word_1_171' title='bbox 772 3010 871 3054; x_wconf 75' lang='lat' dir='ltr'><strong>«rem</strong></span> <span class='ocrx_word' id='word_1_172' title='bbox 883 3010 961 3053; x_wconf 92' lang='lat' dir='ltr'><strong>cum</strong></span> <span class='ocrx_word' id='word_1_173' title='bbox 973 2987 1073 3052; x_wconf 85' lang='lat' dir='ltr'><strong>Furio</strong></span> <span class='ocrx_word' id='word_1_174' title='bbox 1086 2985 1164 3060; x_wconf 82' lang='lat' dir='ltr'><strong>Biba</strong></span> 
     </span>
     <span class='ocr_line' id='line_1_24' title="bbox 125 3097 1172 3194; baseline -0.012 -25"><span class='ocrx_word' id='word_1_175' title='bbox 125 3100 223 3178; x_wconf 83' lang='lat' dir='ltr'><strong>culo,</strong></span> <span class='ocrx_word' id='word_1_176' title='bbox 243 3123 306 3168; x_wconf 90' lang='lat' dir='ltr'><strong>nec</strong></span> <span class='ocrx_word' id='word_1_177' title='bbox 324 3125 404 3168; x_wconf 91' lang='lat' dir='ltr'><strong>cum</strong></span> <span class='ocrx_word' id='word_1_178' title='bbox 423 3100 532 3192; x_wconf 90' lang='lat' dir='ltr'><strong>Sigida</strong></span> <span class='ocrx_word' id='word_1_179' title='bbox 554 3098 708 3194; x_wconf 83' lang='lat' dir='ltr'><strong>quidem,</strong></span> <span class='ocrx_word' id='word_1_180' title='bbox 733 3114 792 3164; x_wconf 91' lang='lat' dir='ltr'><strong>aut</strong></span> <span class='ocrx_word' id='word_1_181' title='bbox 810 3097 979 3164; x_wconf 87' lang='lat' dir='ltr'><strong>literatore</strong></span> <span class='ocrx_word' id='word_1_182' title='bbox 999 3099 1125 3163; x_wconf 88' lang='lat' dir='ltr'><strong>Catone</strong></span> <span class='ocrx_word' id='word_1_183' title='bbox 1138 3121 1172 3160; x_wconf 71' lang='lat' dir='ltr'><strong>:a</strong></span> 
     </span>
     <span class='ocr_line' id='line_1_25' title="bbox 126 3207 1179 3303; baseline -0.009 -24"><span class='ocrx_word' id='word_1_184' title='bbox 126 3210 292 3303; x_wconf 86' lang='lat' dir='ltr'><strong>significat</strong></span> <span class='ocrx_word' id='word_1_185' title='bbox 310 3213 400 3278; x_wconf 90' lang='lat' dir='ltr'><strong>enim</strong></span> <span class='ocrx_word' id='word_1_186' title='bbox 418 3208 511 3278; x_wconf 92' lang='lat' dir='ltr'><strong>haud</strong></span> <span class='ocrx_word' id='word_1_187' title='bbox 529 3209 632 3279; x_wconf 89' lang='lat' dir='ltr'><strong>dubie</strong></span> <span class='ocrx_word' id='word_1_188' title='bbox 652 3207 825 3275; x_wconf 82' lang='lat' dir='ltr'><strong>Valerium</strong></span> <span class='ocrx_word' id='word_1_189' title='bbox 842 3210 1020 3288; x_wconf 86' lang='lat' dir='ltr'><strong>Catonem,</strong></span> <span class='ocrx_word' id='word_1_190' title='bbox 1041 3219 1179 3298; x_wconf 90' lang='lat' dir='ltr'><strong>poetam</strong></span> 
     </span>
     <span class='ocr_line' id='line_1_26' title="bbox 127 3315 1180 3416; baseline -0.006 -27"><span class='ocrx_word' id='word_1_191' title='bbox 127 3323 229 3391; x_wconf 91' lang='lat' dir='ltr'><strong>simul</strong></span> <span class='ocrx_word' id='word_1_192' title='bbox 243 3325 575 3416; x_wconf 88' lang='lat' dir='ltr'><strong>Grammaticumque</strong></span> <span class='ocrx_word' id='word_1_193' title='bbox 587 3321 812 3389; x_wconf 88' lang='lat' dir='ltr'><strong>notissimum.</strong></span> <span class='ocrx_word' id='word_1_194' title='bbox 826 3321 925 3402; x_wconf 88' lang='lat' dir='ltr'><strong>Sunt,</strong></span> <span class='ocrx_word' id='word_1_195' title='bbox 938 3320 997 3411; x_wconf 89' lang='lat' dir='ltr'><strong>qui</strong></span> <span class='ocrx_word' id='word_1_196' title='bbox 1008 3315 1180 3383; x_wconf 87' lang='lat' dir='ltr'><strong>literatum</strong></span> 
     </span>
     <span class='ocr_line' id='line_1_27' title="bbox 127 3431 1180 3526; baseline -0.004 -26"><span class='ocrx_word' id='word_1_197' title='bbox 127 3459 146 3500; x_wconf 87' lang='lat' dir='ltr'><strong>a</strong></span> <span class='ocrx_word' id='word_1_198' title='bbox 159 3434 330 3502; x_wconf 88' lang='lat' dir='ltr'><strong>literatore</strong></span> <span class='ocrx_word' id='word_1_199' title='bbox 344 3435 568 3526; x_wconf 80' lang='lat' dir='ltr'><strong>distinguant,</strong></span> <span class='ocrx_word' id='word_1_200' title='bbox 584 3451 622 3501; x_wconf 89' lang='lat' dir='ltr'><strong>ut</strong></span> <span class='ocrx_word' id='word_1_201' title='bbox 633 3435 740 3501; x_wconf 85' lang='lat' dir='ltr'><strong>Graeci</strong></span> <span class='ocrx_word' id='word_1_202' title='bbox 752 3431 1017 3501; x_wconf 88' lang='lat' dir='ltr'><strong>Grammaticum</strong></span> <span class='ocrx_word' id='word_1_203' title='bbox 1029 3453 1050 3494; x_wconf 91' lang='lat' dir='ltr'><strong>a</strong></span> <span class='ocrx_word' id='word_1_204' title='bbox 1060 3433 1180 3496; x_wconf 87' lang='lat' dir='ltr'><strong>Gram-</strong></span> 
     </span>
     <span class='ocr_line' id='line_1_28' title="bbox 129 3537 1183 3641; baseline -0.008 -25"><span class='ocrx_word' id='word_1_205' title='bbox 129 3549 281 3630; x_wconf 84' lang='lat' dir='ltr'><strong>matista3</strong></span> <span class='ocrx_word' id='word_1_206' title='bbox 298 3561 331 3614; x_wconf 92' lang='lat' dir='ltr'><strong>et</strong></span> <span class='ocrx_word' id='word_1_207' title='bbox 341 3546 438 3615; x_wconf 91' lang='lat' dir='ltr'><strong>illum</strong></span> <span class='ocrx_word' id='word_1_208' title='bbox 451 3545 589 3641; x_wconf 90' lang='lat' dir='ltr'><strong>quidem</strong></span> <span class='ocrx_word' id='word_1_209' title='bbox 603 3544 774 3629; x_wconf 86' lang='lat' dir='ltr'><strong>absolute,</strong></span> <span class='ocrx_word' id='word_1_210' title='bbox 792 3541 883 3612; x_wconf 92' lang='lat' dir='ltr'><strong>hunc</strong></span> <span class='ocrx_word' id='word_1_211' title='bbox 898 3541 1110 3611; x_wconf 84' lang='lat' dir='ltr'><strong>mediocriter</strong></span> <span class='ocrx_word' id='word_1_212' title='bbox 1126 3537 1183 3608; x_wconf 76' lang='lat' dir='ltr'><strong>do</strong></span> 
     </span>
    </p>
   </div>
   <div class='ocr_carea' id='block_1_5' title="bbox 131 3796 1187 4264">
    <p class='ocr_par' dir='ltr' id='par_1_5' title="bbox 131 3796 1187 4264">
     <span class='ocr_line' id='line_1_29' title="bbox 165 3796 1184 3870; baseline -0.01 -13"><span class='ocrx_word' id='word_1_213' title='bbox 165 3807 208 3857; x_wconf 82' lang='grc' dir='ltr'>ΙΙΙ.</span> <span class='ocrx_word' id='word_1_214' title='bbox 229 3822 251 3856; x_wconf 88' lang='grc' dir='ltr'><strong>ι.</strong></span> <span class='ocrx_word' id='word_1_215' title='bbox 271 3804 369 3856; x_wconf 81' lang='lat' dir='ltr'><strong>Pretio.</strong></span> <span class='ocrx_word' id='word_1_216' title='bbox 385 3805 455 3856; x_wconf 87' lang='lat' dir='ltr'><strong>Bene</strong></span> <span class='ocrx_word' id='word_1_217' title='bbox 469 3801 553 3857; x_wconf 86' lang='lat' dir='ltr'><strong>Godd.</strong></span> <span class='ocrx_word' id='word_1_218' title='bbox 567 3821 636 3856; x_wconf 91' lang='lat' dir='ltr'><strong>non·</strong></span> <span class='ocrx_word' id='word_1_219' title='bbox 681 3813 759 3870; x_wconf 78' lang='lat' dir='ltr'><strong>tutos,</strong></span> <span class='ocrx_word' id='word_1_220' title='bbox 772 3816 822 3854; x_wconf 85' lang='lat' dir='ltr'><strong>etc.</strong></span> <span class='ocrx_word' id='word_1_221' title='bbox 837 3802 867 3853; x_wconf 93' lang='lat' dir='ltr'><strong>ln</strong></span> <span class='ocrx_word' id='word_1_222' title='bbox 882 3799 938 3853; x_wconf 84' lang='lat' dir='ltr'><strong>aliis</strong></span> <span class='ocrx_word' id='word_1_223' title='bbox 951 3797 1113 3852; x_wconf 83' lang='lat' dir='ltr'><strong>editionibus</strong></span> <span class='ocrx_word' id='word_1_224' title='bbox 1127 3796 1184 3848; x_wconf 79' lang='lat' dir='ltr'><strong>liaec</strong></span> 
     </span>
     <span class='ocr_line' id='line_1_30' title="bbox 133 3878 1185 3952; baseline -0.009 -17"><span class='ocrx_word' id='word_1_225' title='bbox 133 3883 198 3936; x_wconf 87' lang='lat' dir='ltr'><strong>nulli</strong></span> <span class='ocrx_word' id='word_1_226' title='bbox 209 3881 314 3936; x_wconf 86' lang='lat' dir='ltr'><strong>addunt</strong></span> <span class='ocrx_word' id='word_1_227' title='bbox 326 3901 394 3936; x_wconf 74' lang='lat' dir='ltr'><strong>vero.</strong></span> <span class='ocrx_word' id='word_1_228' title='bbox 680 3883 760 3935; x_wconf 75' lang='lat' dir='ltr'><strong>verba</strong></span> <span class='ocrx_word' id='word_1_229' title='bbox 778 3881 812 3934; x_wconf 90' lang='lat' dir='ltr'><strong>ad</strong></span> <span class='ocrx_word' id='word_1_230' title='bbox 829 3879 1005 3952; x_wconf 67' lang='lat' dir='ltr'><strong>precedentis</strong></span> <span class='ocrx_word' id='word_1_231' title='bbox 1020 3878 1185 3938; x_wconf 83' lang='lat' dir='ltr'><strong>referantur,</strong></span> 
     </span>
     <span class='ocr_line' id='line_1_31' title="bbox 168 3956 1185 4029; baseline -0.008 -14"><span class='ocrx_word' id='word_1_232' title='bbox 168 3983 192 4015; x_wconf 84' lang='lat'><strong>2.</strong></span> <span class='ocrx_word' id='word_1_233' title='bbox 212 3961 290 4019; x_wconf 74' lang='lat' dir='ltr'><strong>narie</strong></span> <span class='ocrx_word' id='word_1_234' title='bbox 303 3961 438 4029; x_wconf 54' lang='lat' dir='ltr'><strong>ipim.</strong></span> <span class='ocrx_word' id='word_1_235' title='bbox 453 3963 492 4014; x_wconf 85' lang='lat' dir='ltr'><strong>lta</strong></span> <span class='ocrx_word' id='word_1_236' title='bbox 507 3961 636 4015; x_wconf 82' lang='lat' dir='ltr'><strong>edidimus</strong></span> <span class='ocrx_word' id='word_1_237' title='bbox 682 3962 851 4014; x_wconf 85' lang='lat' dir='ltr'><strong>distinctione</strong></span> <span class='ocrx_word' id='word_1_238' title='bbox 870 3973 931 4012; x_wconf 83' lang='lat' dir='ltr'><strong>ante</strong></span> <span class='ocrx_word' id='word_1_239' title='bbox 949 3956 1062 4011; x_wconf 77' lang='lat' dir='ltr'><strong>Messala</strong></span> <span class='ocrx_word' id='word_1_240' title='bbox 1080 3957 1185 4027; x_wconf 83' lang='lat' dir='ltr'><strong>posita,</strong></span> 
     </span>
     <span class='ocr_line' id='line_1_32' title="bbox 131 4034 1186 4114; baseline -0.008 -18"><span class='ocrx_word' id='word_1_241' title='bbox 131 4062 193 4100; x_wconf 79' lang='lat' dir='ltr'><strong>cum</strong></span> <span class='ocrx_word' id='word_1_242' title='bbox 204 4044 309 4114; x_wconf 72' lang='lat' dir='ltr'><strong>Bipont.</strong></span> <span class='ocrx_word' id='word_1_243' title='bbox 322 4042 428 4114; x_wconf 79' lang='lat' dir='ltr'><strong>Reliqui</strong></span> <span class='ocrx_word' id='word_1_244' title='bbox 436 4061 528 4098; x_wconf 83' lang='lat' dir='ltr'><strong>omnes</strong></span> <span class='ocrx_word' id='word_1_245' title='bbox 542 4042 635 4110; x_wconf 61' lang='lat' dir='ltr'><strong>ripaue.</strong></span> <span class='ocrx_word' id='word_1_246' title='bbox 682 4043 837 4111; x_wconf 72' lang='lat' dir='ltr'><strong>omissoque</strong></span> <span class='ocrx_word' id='word_1_247' title='bbox 854 4037 938 4092; x_wconf 79' lang='lat' dir='ltr'><strong>verbo</strong></span> <span class='ocrx_word' id='word_1_248' title='bbox 953 4035 1072 4090; x_wconf 67' lang='lat' dir='ltr'><strong>mandit.</strong></span> <span class='ocrx_word' id='word_1_249' title='bbox 1087 4034 1186 4088; x_wconf 80' lang='lat' dir='ltr'><strong>Vitium</strong></span> 
     </span>
     <span class='ocr_line' id='line_1_33' title="bbox 132 4113 1187 4194; baseline -0.008 -16"><span class='ocrx_word' id='word_1_250' title='bbox 132 4122 384 4189; x_wconf 63' lang='lat' dir='ltr'><strong>Aufer-teipsam?</strong></span> <span class='ocrx_word' id='word_1_251' title='bbox 680 4126 736 4194; x_wconf 81' lang='lat' dir='ltr'><strong>jam</strong></span> <span class='ocrx_word' id='word_1_252' title='bbox 764 4132 935 4174; x_wconf 84' lang='lat' dir='ltr'><strong>correxerant</strong></span> <span class='ocrx_word' id='word_1_253' title='bbox 958 4113 1133 4188; x_wconf 86' lang='lat' dir='ltr'><strong>Oudendorp.</strong></span> <span class='ocrx_word' id='word_1_254' title='bbox 1160 4127 1187 4170; x_wconf 74' lang='lat' dir='ltr'><strong>ot</strong></span> 
     </span>
     <span class='ocr_line' id='line_1_34' title="bbox 166 4199 808 4264; baseline -0.012 -6"><span class='ocrx_word' id='word_1_255' title='bbox 166 4203 211 4258; x_wconf 79' lang='lat' dir='ltr'><strong>lv.</strong></span> <span class='ocrx_word' id='word_1_256' title='bbox 230 4220 252 4258; x_wconf 84' lang='lat' dir='ltr'><strong>t.</strong></span> <span class='ocrx_word' id='word_1_257' title='bbox 270 4201 382 4260; x_wconf 66' lang='lat' dir='ltr'><strong>aaron</strong></span> <span class='ocrx_word' id='word_1_258' title='bbox 400 4203 551 4260; x_wconf 65' lang='lat' dir='ltr'><strong>literatum</strong></span> <span class='ocrx_word' id='word_1_259' title='bbox 569 4203 638 4256; x_wconf 79' lang='lat' dir='ltr'><strong>voci·</strong></span> <span class='ocrx_word' id='word_1_260' title='bbox 684 4199 808 4264; x_wconf 71' lang='lat' dir='ltr'><strong>wolfius.</strong></span> 
     </span>
    </p>
   </div>
   <div class='ocr_carea' id='block_1_6' title="bbox 0 0 1562 5146">
    <p class='ocr_par' dir='ltr' id='par_1_6' title="bbox 0 0 1562 5146">
     <span class='ocr_line' id='line_1_35' title="bbox 0 0 1562 5146; baseline 0 0"><span class='ocrx_word' id='word_1_261' title='bbox 0 0 1562 5146; x_wconf 95' lang='lat' dir='ltr'><strong> </strong></span> 
     </span>
    </p>
   </div>
  </div>
 </body>
</html>
