3068 5144
397 489 464 570 384
545 519 546 522 ¹
771 495 806 556 C.
832 491 1067 560 SUETONII

393 618 495 684 tionis
506 615 760 698 admoneretur,
774 614 946 686 habitabat
960 644 1039 687 cum
1052 638 1147 713 patre
1161 647 1248 706 una,
1262 624 1431 723 sellamque

393 726 467 822 ejus
481 751 521 795 ac
536 727 664 810 fratris,
682 730 814 820 quoties
828 728 1017 821 prodirent,
1032 731 1149 798 lectica
1166 734 1381 828 sequebatur:
1397 764 1432 808 ac

290 927 292 938 .
394 839 605 932 triumphum
629 840 806 931 utriusque
829 838 1009 907 Judaicum
1030 865 1118 935 equo
1141 841 1243 910 albo³
1266 850 1431 916 comitatus
1513 899 1514 922 t

394 967 456 1019 est.
474 956 512 1018 ln
527 973 586 1017 sex
599 946 830 1015 consulatibus
843 973 912 1014 non
927 951 991 1017 nisi
1002 975 1109 1017 uuum
1126 951 1353 1022 ordinariumt
1368 982 1432 1049 ges·

394 1066 456 1145 sit,
478 1083 625 1153 eumque
644 1058 785 1126 cedente
804 1075 838 1126 et
857 1059 1063 1152 suffragante
1083 1062 1197 1130 fratre.
1217 1065 1385 1134 Simulavit
1403 1087 1431 1135 et

394 1175 486 1268 ipse⁵
508 1175 593 1240 mire
613 1171 832 1252 modestiam;
854 1174 1077 1268 inprimisque
1094 1179 1237 1267 poeticae
1257 1176 1429 1264 ⁶studium‚
1513 1233 1514 1238 η

376 1306 464 1355 ¹tam
482 1288 653 1352 insuetum
671 1299 771 1365 autea
788 1284 866 1366 sibi,
883 1308 986 1378 quam
1005 1305 1121 1378 postea
1137 1305 1290 1381 spretum
1306 1307 1338 1358 et
1354 1291 1430 1384 abje
1513 1273 1514 1332 ]

394 1415 502 1466 ctum:
521 1397 739 1488 recitavitque
758 1398 859 1462 etiam
878 1396 1024 1489 publice.
1043 1404 1111 1467 Nec
1128 1417 1244 1469 tamen
1262 1426 1302 1469 eo
1320 1406 1429 1486 secius,

394 1533 501 1605 quum
509 1506 714 1598 Vologesus⁷
728 1505 928 1574 Parthorum
939 1533 998 1575 rex
1007 1509 1129 1577 auxilia
1137 1511 1300 1580 adversus
1308 1514 1427 1596 Alanos,

394 1622 584 1714 ducemque
601 1617 745 1685 alterum
762 1641 803 1685 ex
815 1621 1012 1712 Vespasiani
1028 1620 1158 1706 liberis,
1175 1623 1427 1717 depoposcisset,

394 1733 487 1801 omui
505 1753 569 1822 ope
587 1727 775 1808 contendit,
796 1744 835 1795 ut
853 1731 925 1820 ipse
947 1732 1162 1821 potissimum
1181 1735 1374 1802 mitteretur.
1393 1739 1428 1801 Et

393 1847 473 1940 quia
496 1843 647 1910 discussa
668 1864 720 1907 res
740 1856 805 1924 est,
825 1840 908 1909 alios
927 1844 1073 1910 Orientis
1090 1867 1202 1936 reges,
1225 1862 1264 1913 ut
1280 1844 1363 1915 idem
1380 1865 1427 1939 po'

394 1956 575 2038 stularent,
597 1948 694 2028 donis
717 1977 756 2019 ac
777 1951 1071 2046 pollicitationibus
1092 1957 1272 2026 sollicitare
1293 1963 1425 2026 tentarit.

394 2074 491 2138 Patre
503 2066 678 2148 defuncte,
692 2065 751 2132 diu
763 2081 955 2150 cunctatus,
968 2091 1011 2133 an
1024 2067 1168 2160 duplum
1178 2069 1369 2138 donativum
1379 2073 1428 2138 mi·

395 2288 520 2342 adversus
532 2288 654 2355 fratrem,
668 2289 694 2340 in
713 2289 817 2340 incerto
830 2287 896 2340 fuit:
942 2289 1093 2358 destiam,=
1117 2304 1182 2358 aut,
1206 2291 1360 2344 «Simulavit
1378 2291 1428 2343 inde

395 2389 456 2421 nam
469 2367 576 2420 Cerialis
590 2367 690 2418 salubri
705 2381 897 2440 temperamen-

394 2464 422 2501 to
442 2448 538 2513 elusit,
560 2460 590 2498 ut
608 2466 675 2500 vana
693 2448 829 2520 pueriliter
849 2465 896 2500 cu-

394 2531 541 2601 piantem.-

429 2609 455 2661 3.
470 2605 634 2684 Equoqalbo,
649 2619 699 2657 etc.
713 2606 752 2657 cf.
766 2609 896 2674 Zonaras,

394 2685 490 2740 Annal.
505 2687 543 2752 ll,
557 2704 618 2758 pag.
635 2685 692 2754 ¹94·

429 2768 456 2834 4.
475 2767 537 2830 Non
554 2766 604 2838 nisi
619 2783 701 2815 unum
717 2765 896 2827 ordinarium

395 2847 426 2898 Δ.
437 2848 470 2898 U.
482 2846 549 2912 826,
561 2863 622 2896 cum
635 2844 671 2894 M.
682 2842 789 2894 Valerio
798 2844 898 2894 Messa-

394 2926 458 2979 lino.
473 2927 512 2977 De
524 2925 632 2997 reliquis
646 2922 831 2975 consulatibus
844 2924 897 2974 Do-

394 3005 496 3057 mitiani
508 3005 639 3076 Principis
658 3003 727 3054 inira
745 3002 848 3055 dicetur
863 3001 897 3054 ad

394 3105 454 3157 cap.
472 3085 511 3137 13.

430 3165 455 3218 5.
465 3163 607 3217 Simulavit
618 3172 644 3213 et
655 3164 724 3233 ipse,
738 3174 788 3214 etc.
800 3163 898 3213 Hacte-

394 3265 444 3298 nus
452 3247 566 3297 uarrarit
574 3257 678 3308 auctor,
689 3241 828 3314 depressos
836 3243 898 3293 fuis-

394 3344 422 3377 se
436 3345 451 3377 a
464 3336 539 3395 patre
551 3323 681 3395 hujusque
695 3325 784 3374 amicis
801 3323 896 3375 nimios

393 3404 538 3454 Domitiani
547 3405 669 3472 spiritus,
680 3400 897 3473 admonitumque

395 3502 455 3535 eum
465 3483 547 3533 artatis
558 3494 584 3532 et
593 3480 761 3532 conditionis.
770 3483 828 3532 ianr
838 3499 896 3552 per·

393 3565 446 3634 git:
459 3563 520 3612 Non
534 3561 568 3611 ab
580 3561 637 3612 aliis
647 3559 727 3611 modo
739 3559 847 3612 adactus
858 3574 898 3612 est

395 3641 428 3693 ad
445 3638 604 3690 modestiam
619 3638 646 3690 b.
665 3657 687 3691 e.
700 3641 778 3690 vitam
794 3658 896 3690 mores·

394 3741 461 3793 que,
475 3723 544 3772 artati
555 3719 663 3790 juvenili
673 3732 699 3770 et
713 3722 819 3789 privatae
832 3738 895 3770 con-

394 3801 489 3854 ditioni
503 3818 652 3870 congruos,
669 3796 715 3848 sed
730 3799 817 3868 etipse
831 3817 895 3869 pro-

393 3883 452 3952 prio
467 3877 579 3930 consilio
597 3880 661 3929 mire
676 3896 732 3928 eant
748 3877 895 3945 simulavit,

392 3960 507 4032 ideoque
525 3960 638 4031 privatas
658 3969 744 4023 artas,
763 3971 793 4008 ut
806 3961 895 4028 poeti-

393 4060 461 4106 cam,
470 4051 581 4091 tractare
591 4039 678 4109 eoepit.
688 4036 838 4110 Considunt
849 4040 895 4108 igi-

391 4135 436 4173 tur
445 4123 603 4190 conjecturae
612 4117 739 4182 Ernestii,
753 4119 795 4168 cui
805 4117 895 4188 legen-

393 4201 457 4253 dum
473 4201 578 4253 videtur
592 4197 749 4253 «Simulavit
765 4197 825 4248 inde
839 4217 895 4250 rno-

941 2370 1008 2420 mire
1028 2369 1223 2436 modestiam·
1244 2384 1270 2422 et
1283 2369 1428 2423 Oudendor·
1453 2366 1455 2370 ’

941 2450 995 2518 pii,
1010 2450 1055 2520 qui
1068 2448 1197 2502 excidisse
1209 2463 1287 2520 putat
1298 2450 1398 2502 verbum
1408 2461 1429 2501 et

939 2545 995 2600 pra·
1007 2547 1032 2581 se
1044 2527 1114 2580 tulit.

976 2608 1002 2659 6.
1022 2608 1197 2680 Inprimisque
1206 2608 1427 2680 poeticoestttdt'um.

940 2687 1003 2737 Tac.
1015 2687 1060 2752 IV,
1071 2688 1120 2738 86:
1137 2709 1147 2732 α
1158 2687 1324 2740 Domitianus
1333 2689 1428 2758 spemia

942 2766 1090 2819 senioribus
1095 2770 1234 2838 juventam
1243 2785 1429 2830 suameemens,

941 2843 1047 2895 modica
1062 2863 1170 2916 quoque
1184 2858 1211 2896 et
1222 2861 1350 2916 usurpata
1364 2859 1429 2895 autea

941 2925 1031 2974 munia
1042 2925 1146 2994 imperii
1158 2923 1313 2988 omittebat,
1323 2923 1430 2993 simpliei-

941 3005 1002 3054 tatis
1016 3021 1047 3056 ac
1060 3003 1193 3056 modestiae
1205 3005 1333 3074 imagine,
1344 3005 1370 3054 iu
1380 3002 1429 3054 alti-

941 3081 1059 3133 tudinem
1073 3083 1211 3149 condr'tus,
1227 3083 1390 3154 studiumque
1403 3081 1430 3133 li·

943 3174 1057 3213 terarum
1071 3176 1097 3214 et
1113 3181 1232 3214 eruorem
1249 3164 1390 3214 carminum
1402 3162 1431 3213 si·

942 3241 1063 3307 mulaus,
1087 3261 1140 3313 quo
1160 3242 1260 3293 velaret
1281 3244 1390 3294 animum
1408 3255 1429 3292 et

942 3322 1029 3374 fratris
1049 3321 1211 3374 emulationi
1235 3321 1428 3386 subduceretur,

942 3405 1017 3472 cujus
1028 3400 1162 3473 disparem
1175 3403 1358 3472 mitioremque
1366 3415 1430 3453 netu-

940 3500 995 3532 ram
1016 3494 1107 3532 contra
1127 3480 1378 3552 interpretabatur·
1395 3479 1428 3532 Cf.

940 3560 1052 3628 Quintil.
1073 3563 1136 3612 lust.
1155 3563 1198 3628 X,
1222 3577 1230 3610 r
1240 3600 1249 3626 ,
1267 3579 1316 3630 91,
1333 3574 1358 3613 et
1373 3557 1428 3612 Pliu.

941 3640 1014 3690 Praei.
1027 3642 1093 3691 llist.
1103 3643 1163 3691 Nat.
1175 3652 1205 3690 ut
1216 3655 1354 3710 poetarum
1366 3638 1429 3690 locos

940 3733 1056 3785 taceam,
1070 3722 1097 3771 in
1109 3719 1207 3792 quibus
1219 3720 1344 3772 laudatur
1354 3720 1430 3772 Dorul-

941 3802 1005 3852 tiani
1017 3799 1140 3852 eruditio.

978 3899 1001 3950 7.
1024 3883 1108 3950 Quum
1122 3880 1276 3952 Vologeses,
1287 3895 1338 3932 etc.
1350 3881 1385 3930 De
1394 3879 1430 3928 iu-

941 3964 1065 4014 eursione
1075 3962 1223 4014 Alanorum
1234 3963 1262 4013 in
1270 3960 1397 4013 Parthiam
1402 3960 1431 4010 ri·

940 4041 973 4094 de
990 4042 1101 4113 loseph.
1120 4041 1185 4093 Bell.
1204 4039 1266 4092 tud.
1285 4041 1349 4105 Vll,
1366 4055 1392 4108 7,
1409 4039 1429 4102 4.

940 4120 1084 4172 Discussam
1111 4137 1167 4170 rem
1195 4132 1287 4170 narrat
1314 4115 1429 4189 Xiphilin.

941 4198 1035 4265 LXVI,
1051 4197 1089 4250 15.
1103 4199 1193 4251 Refert
1207 4196 1241 4250 ad
1253 4216 1315 4250 aun.
1329 4198 1386 4250 828.
