3054 5152
369 591 431 674 154
734 597 770 661 C.
797 597 1030 664 SUETONII

363 721 517 789 retinuit:
530 724 624 789 auxit
640 725 755 805 etiam3
772 747 853 807 nec,
870 728 933 792 nisi
950 725 1102 818 partibus
1113 725 1239 823 ubique
1256 728 1422 823 profliga-

363 833 423 915 tis,
435 837 483 899 M.
497 837 642 901 Antonio
655 849 791 927 sponte,
804 850 838 902 et
848 839 993 927 ingentis
1007 839 1117 906 meriti
1129 837 1219 922 loco,
1234 838 1422 926 ³tradidit3

364 943 524 1039 solusque
542 949 695 1019 omnium
713 971 754 1014 ex
775 949 835 1029 iis,
856 951 915 1043 qui
934 952 1008 1041 peri
1029 948 1104 1041 lege
1126 951 1275 1020 damnati
1301 970 1423 1037 crant,

363 1058 537 1124 restitutus
549 1059 583 1123 in
596 1060 757 1150 patriam,
772 1057 998 1152 amplissimos
1010 1060 1155 1129 honores
1166 1060 1423 1155 lpemucurrit:

363 1189 403 1234 ac
417 1165 559 1235 subinde
571 1167 794 1262 redintegrata
805 1166 1014 1238 dissensione
1026 1171 1132 1254 civili,
1146 1170 1255 1240 eidem
1269 1178 1426 1243 Antonio

364 1274 512 1369 legatus,
529 1277 675 1347 delatam
688 1278 751 1346 sibi
763 1302 931 1346 summam
942 1281 1073 1373 imperii
1085 1280 1198 1364 abiis,
1215 1305 1304 1376 qtros
1322 1283 1426 1352 Cleo·

340 1399 342 1408 '
364 1405 469 1481 patrae
485 1387 650 1481 pudebat,
669 1413 781 1485 neque
799 1391 989 1482 suscipere,
1008 1413 1119 1485 neque
1132 1414 1291 1460 recusare
1311 1391 1426 1462 fiden-

365 1515 426 1580 ter,
438 1515 576 1593 propter
587 1499 733 1568 subitam
748 1498 996 1583 valetudinem,
1011 1523 1131 1584 ausus,
1146 1502 1280 1569 transiit
1293 1503 1343 1570 ad
1356 1509 1426 1571 Au·

366 1612 540 1702 gustum⁵:
557 1627 591 1678 et
602 1613 636 1678 in
648 1609 768 1678 diebus
781 1613 897 1703 paucis
909 1609 1009 1692 obiit,
1022 1609 1187 1679 nonnulla
1201 1628 1234 1679 et
1245 1615 1323 1705 ipse
1336 1613 1427 1682 infa-

365 1722 433 1787 mia
449 1745 616 1815 aspersus.
630 1726 715 1788 Nam
731 1721 912 1802 Antonius,
932 1745 1009 1787 eum
1028 1719 1194 1790 desiderio
1207 1724 1331 1790 amicte
1348 1727 1426 1794 Ser·

365 1829 452 1899 viliae
464 1830 577 1899 Naidis
589 1833 823 1924 transfugisse,
835 1827 981 1922 jactavit.

412 1947 470 2010 lV.
495 1949 544 2012 Ex
560 1943 625 2012 hoc
638 1939 802 2012 Domitius
815 1944 975 2022 nascitur,
989 1965 1092 2036 quem
1104 1959 1268 2010 emtorem
1277 1941 1427 2010 familiae

366 2057 600 2150 pecuniaeque¹
625 2058 660 2122 in
682 2067 882 2122 testamento
905 2054 1046 2144 Augusti
1069 2053 1190 2134 finisse,
1211 2076 1292 2120 mox
1318 2053 1428 2145 vulgo

366 2181 520 2234 notatum
539 2183 607 2251 est,
629 2190 698 2234 non
717 2166 829 2231 minus
851 2161 1027 2254 aurigandi
1048 2179 1119 2230 arte
1136 2166 1170 2230 in
1188 2161 1430 2232 adolescentia

366 2272 497 2358 clarus,
516 2300 617 2372 quam
637 2272 757 2343 deinde
776 2274 981 2340 ornamentis
1001 2272 1260 2365 triumphalibus
1275 2297 1320 2340 ex
1342 2277 1429 2342 Ger·

367 2387 498 2452 manico
510 2385 600 2454 bello
609 2395 632 2454 ².
645 2392 773 2452 Verum
784 2405 945 2474 arrogans
956 2434 964 2464 ‚
977 2384 1154 2475 profusus,
1169 2385 1325 2467 immitis,
1339 2389 1430 2452 Cen·

367 2517 479 2562 sorem
493 2501 530 2563 L.
547 2493 731 2564 Plancum³
745 2497 800 2563 via
811 2494 873 2562 sibi
888 2492 1050 2561 decedere
1064 2494 1178 2562 AEdilis
1192 2498 1317 2588 coegit:
1334 2519 1429 2588 prse-

367 2620 453 2673 turae
464 2607 727 2704 consulatusque
739 2607 886 2691 honore,
899 2608 1038 2702 Equites
1050 2613 1219 2676 Romanos
1228 2623 1430 2676 matronas·

403 2862 427 2914 3.
447 2864 488 2915 M.
507 2863 653 2918 Antonio...
670 2866 784 2919 tradidit.
801 2864 868 2916 Vide
912 2867 1059 2938 tiquissimo
1071 2884 1137 2933 usu,
1150 2865 1429 2938 quaminXlltabu-

367 2943 482 3014 Appisn.
495 2947 527 3011 V,
542 2943 590 3008 55;
601 2945 668 2996 Vell.
684 2935 723 3011 ll,
739 2962 770 3016 7²
786 2958 813 2997 et
825 2945 867 3015 76.
911 2945 944 2998 lis
954 2946 1048 2998 eodem
1057 2948 1113 3016 jam
1126 2946 1206 2998 modo
1216 2946 1431 3018 jungantur-sn-

402 3021 428 3089 4.
450 3023 630 3096 Amplissimos
650 3025 759 3080 honores
775 3043 869 3097 percu·
912 3023 989 3076 milia
1009 3027 1181 3098 pecuniaque.
1206 3023 1312 3076 Scilicet
1336 3023 1429 3076 niodo

307 3131 310 3142 =
366 3103 455 3156 sunit.
465 3103 567 3158 Consul
576 3106 627 3158 fuit
636 3124 697 3159 cum
706 3106 796 3172 Sosio,
806 3122 867 3156 ann.
912 3104 1017 3171 latiori,
1031 3102 1111 3155 modo
1124 3103 1272 3174 angustiori
1284 3120 1372 3156 sensu
1380 3103 1431 3175 fe·

367 3198 428 3250 7²²·
913 3183 990 3235 milia
1004 3181 1109 3247 dieitur,
1122 3196 1201 3253 atque
1218 3179 1263 3232 ille
1277 3183 1368 3233 serius
1380 3185 1429 3234 in-

402 3258 427 3311 5.
449 3261 609 3314 Transiitad
621 3263 866 3336 Anpmtnm.Conl.
912 3263 1045 3315 valescere
1068 3263 1157 3333 coepit.
1183 3260 1327 3314 Suetonius
1350 3263 1430 3314 anti·

367 3335 500 3389 Plutarch.
513 3341 612 3392 Anton.
626 3341 676 3404 63;
691 3344 759 3408 Dio,
771 3344 806 3408 L,
822 3343 867 3404 13;
914 3359 978 3412 ques
993 3339 1120 3392 formulas
1132 3357 1234 3391 servare
1245 3336 1321 3390 solet.

366 3415 434 3467 Vell.
446 3420 486 3483 11,
499 3418 548 3484 843
562 3433 618 3483 not.
632 3420 667 3474 sd
679 3423 790 3492 August.
806 3439 845 3492 ¹7·
950 3441 974 3474 α.
992 3423 1035 3474 Ex
1049 3421 1204 3475 Gemanica
1217 3419 1284 3472 bello
1292 3440 1303 3480 ,·
1315 3437 1331 3471 a
1342 3419 1432 3474 Tibe·

402 3497 445 3550 lv.
469 3513 491 3550 ι.
511 3501 645 3554 Emtorem
657 3503 775 3573 samilioe
790 3521 871 3575 pecn-
913 3503 953 3552 rio
966 3513 1050 3572 gesto.
1061 3502 1101 3554 Cl.
1113 3500 1201 3551 Tiber.
1216 3515 1259 3551 πο.
1271 3499 1359 3551 Tacit.
1372 3501 1433 3552 An·

366 3577 481 3649 stingum
497 3597 546 3649 per
568 3581 751 3650 imaginariam
768 3582 868 3633 scilicet
913 3579 966 3631 nal.
987 3579 1031 3644 lV,
1054 3579 1104 3645 44,
1126 3580 1279 3632 ·Domitius
1300 3581 1431 3632 exercitu

367 3652 519 3708 hereditatis
532 3660 773 3729 mancipationem,
785 3662 868 3711 usite·
913 3659 1013 3712 llumeu
1024 3657 1111 3710 Albim
1123 3658 1300 3724 transcendit,
1312 3658 1430 3731 longius

367 3747 421 3785 tarn
433 3736 460 3787 in
472 3745 622 3792 testamento
631 3757 720 3810 peroes
731 3750 756 3791 et
766 3739 867 3792 librom.
913 3751 1050 3811 penetrata
1066 3739 1225 3802 Germania,
1244 3755 1326 3808 quem
1347 3740 1433 3810 quis-

366 3812 434 3866 Vide
447 3815 560 3868 Brisson.
577 3816 610 3868 de
627 3819 714 3872 Form.
734 3816 780 3870 lib.
795 3818 869 3883 Vlll,
915 3837 993 3892 quam
1007 3821 1141 3890 priorum:
1157 3835 1254 3890 easque
1271 3817 1308 3869 ob
1322 3837 1367 3872 res
1383 3821 1431 3871 in-

366 3915 428 3968 pag.
443 3896 494 3950 586
508 3917 563 3968 seq.
579 3901 702 3952 Heinecc.
715 3899 777 3951 Ant.
794 3902 869 3952 Rom.
914 3903 996 3972 signia
1010 3899 1136 3970 triumphi
1147 3899 1259 3970 adeptus
1272 3909 1322 3950 est.
1335 3921 1346 3945 ι

366 3979 407 4046 ll,
426 3995 473 4045 ro,
488 3978 530 4050 §6
543 3999 599 4054 seq.
611 3984 677 4033 Voc.
688 3983 867 4053 pecuniisque,
949 3981 974 4033 3.
995 3983 1128 4033 Censorem
1145 3979 1174 4031 L.
1189 3977 1341 4039 Plancum
1356 3977 1431 4030 nlti-

367 4057 523 4110 dsmnatum
547 4078 562 4110 a
582 4062 724 4112 Torrentio
744 4061 868 4133 aliisque,
914 4077 987 4109 mum
997 4078 1011 4111 e
1020 4060 1128 4130 privatis
1139 4077 1199 4110 ann.
1212 4059 1273 4128 732.
1285 4058 1328 4110 cf.
1338 4059 1428 4111 Dion.

369 4137 559 4210 quodfamils'a
573 4141 601 4191 in
617 4138 733 4192 formula
749 4137 869 4192 sollemni
914 4141 980 4208 LlV,
993 4159 1016 4193 α.
1026 4143 1098 4214 lips.
1108 4139 1257 4212 corrigebat
1264 4141 1429 4192 censorium.

368 4213 401 4266 de
413 4227 505 4267 totars
515 4216 639 4269 familiari
648 4217 701 4269 dici
710 4218 870 4285 solet,recte
915 4223 950 4273 At
972 4221 1001 4272 in
1024 4217 1215 4272 summovendo
1235 4220 1292 4288 jem
1313 4220 1429 4291 privato

368 4293 518 4349 defenditur
533 4315 547 4348 a
566 4299 653 4350 Burm.
668 4313 693 4352 et
705 4299 809 4352 Ernest.
822 4318 871 4352 sn·
915 4297 990 4352 nulla
1001 4299 1094 4352 luisset
1106 4297 1264 4370 arrogantis.
