3068 5144
376 493 443 560 318
476 487 479 498 ¹
750 498 786 561 C.
812 498 1047 566 SUETONll

371 623 491 712 pisset‚
502 651 515 682 υ
527 620 714 715 professus,
723 627 852 691 cunctis
860 625 1137 710 reclamantibus,
1146 651 1220 695 rem
1227 627 1418 713 distulimus

371 748 470 798 nocte
479 735 690 825 interposita,
701 739 811 828 primo
821 735 971 805 diluculo
981 737 1373 808 sordidatusssdescendit
1378 740 1419 809 ad

371 846 510 925 Rostra,
528 842 710 938 multisque
727 868 805 912 cum
824 845 969 914 lacrimis
987 847 1103 915 eadem
1121 847 1193 928 illa,
1213 874 1333 916 verum
1352 849 1421 918 eli-

372 951 476 1035 hello,
489 969 628 1022 testante
643 972 703 1022 est.
721 961 851 1024 Rursus
864 957 1098 1051 interpellante
1111 959 1215 1027 milite
1226 984 1267 1028 ac
1277 960 1421 1054 populo,

373 1083 407 1134 et
413 1071 422 1146 ,
438 1090 481 1134 ue
497 1065 669 1150 deficeret,
687 1066 858 1152 hortante,
875 1092 1079 1165 omnemque
1094 1096 1232 1163 operam
1247 1097 1346 1140 suam
1358 1098 1422 1140 cer·

371 1179 465 1243 tatim
485 1175 679 1269 pollicente,
697 1181 848 1246 animum
864 1185 1038 1265 resumsit;
1056 1181 1286 1276 Sabinumque
1301 1199 1336 1249 et
1351 1181 1422 1250 reli-

372 1311 457 1381 quos
478 1286 672 1370 Flavianos,
693 1287 776 1356 nibil
792 1286 865 1381 jam
881 1306 1086 1374 metuentes,
1102 1294 1135 1359 vi
1152 1291 1263 1359 subita
1278 1295 1316 1359 in
1329 1295 1421 1386 Capi·

370 1397 489 1466 tolium
511 1398 715 1492 compulit9‚
739 1423 970 1497 succensoque
994 1401 1121 1496 templo
1143 1405 1235 1470 lovis
1249 1417 1276 1448 ¹⁰
1296 1405 1420 1495 Optimi

371 1512 508 1578 Maximi
524 1514 706 1604 oppressit;
721 1536 827 1606 quum
842 1529 876 1581 et
890 1512 1064 1607 praelium,
1080 1530 1114 1580 et
1128 1513 1325 1582 incendium
1336 1538 1355 1582 e
1368 1517 1419 1581 Ti·

371 1619 507 1687 beriana
522 1622 729 1714 prospiceret
739 1631 760 1659 ¹¹
775 1619 877 1690 domo
892 1625 979 1691 inter
990 1622 1118 1718 epulas.
1135 1629 1210 1691 Non
1224 1623 1334 1690 multo
1347 1639 1421 1716 post

371 1839 543 1878 serat-entur·
565 1821 639 1894 (cap.
654 1823 713 1896 68).
728 1824 872 1878 Fluctaan-
916 1827 1000 1880 Tacit.
1009 1846 1068 1900 cop.
1080 1844 1126 1899 70:
1138 1851 1149 1875 ι
1159 1827 1323 1898 Ambigitnr,
1332 1827 1418 1896 ignem

371 1917 425 1956 tem
434 1905 503 1956 inter
512 1901 613 1954 diversa
623 1904 732 1956 consilia
738 1902 872 1957 Vitellium
916 1909 993 1959 tectis
1005 1920 1202 1979 oppugnatores
1214 1905 1373 1976 injecerint,
1387 1923 1418 1955 an

372 1985 475 2056 egregie
488 1982 615 2034 describit
625 1982 725 2054 Xiphil.
736 1985 815 2051 LXV,
830 1985 870 2038 16.
917 1985 1098 2059 obsessi‚quae
1104 1987 1223 2040 crebrior
1229 1988 1301 2037 fama
1309 1997 1360 2051 est,
1368 2003 1418 2056 quo

282 2079 289 2092 “
372 2064 493 2116 Suetonii
504 2063 637 2128 narratio,
653 2081 812 2135 quamquam
830 2082 872 2117 re·
916 2068 1070 2119 nitentesac
1080 2083 1235 2139 progressos
1245 2063 1418 2137 depellerent.

371 2144 451 2215 liquis
462 2142 578 2209 brevior,
590 2143 786 2195 accuratissima
800 2141 872 2195 ride·
916 2145 981 2197 lude
997 2146 1088 2217 lapsus
1101 2148 1168 2218 ignis
1186 2148 1213 2197 in
1232 2145 1354 2216 porticus
1370 2161 1419 2214 ap-

371 2236 427 2284 tur;
440 2221 572 2293 discrepat
582 2222 652 2272 enirn
662 2223 760 2292 passim
771 2221 873 2274 aTnci·
916 2226 1017 2296 positas
1035 2223 1154 2287 sedibus,
1176 2241 1237 2276 mox
1258 2224 1417 2275 sustinentes

372 2313 418 2367 to,
439 2301 551 2351 maxime
570 2302 596 2350 in
617 2304 744 2372 temporit
764 2300 872 2367 ordine,
916 2305 1050 2376 fastigium
1065 2303 1158 2375 aquile
1172 2316 1262 2355 vetere
1278 2302 1352 2372 ligno
1370 2315 1418 2352 tra·

371 2399 425 2452 quo
437 2377 539 2448 singula
553 2377 713 2432 ecciderunt.
915 2396 1011 2434 xerunt
1025 2381 1156 2435 flammam
1171 2380 1359 2452 alueruntque.
1378 2381 1417 2432 Sic

406 2457 432 2511 8.
451 2456 618 2524 Sordidatus,
631 2470 681 2509 etc.
691 2459 776 2511 Tacit.
788 2477 811 2510 c.
822 2457 870 2523 65,
916 2461 1091 2533 Capitolium,
1106 2461 1203 2513 clausis
1215 2460 1336 2525 foribus,
1349 2459 1419 2512 inde·

373 2561 385 2586 ι
393 2537 472 2611 pullo
485 2538 584 2590 amictu
598 2535 696 2588 Palatio
710 2537 871 2610 degreditur,
915 2541 1018 2592 feneum
1034 2551 1060 2592 et
1078 2538 1254 2612 indireptum,
1271 2538 1418 2610 conflagra-

370 2630 465 2670 moesta
478 2619 576 2668 circum
590 2615 718 2669 familiam
735 2619 812 2670 Conf.
826 2617 873 2668 xi·
914 2621 982 2671 via·
996 2619 1036 2671 Gt.
1051 2618 1150 2690 Xiphil.
1165 2619 1242 2686 LXV,
1263 2634 1303 2689 17.
1316 2649 1353 2659 —
1366 2621 1417 2690 Op-

369 2695 437 2769 phil.
450 2694 503 2746 loc.
520 2697 562 2746 ait.
913 2697 1011 2770 pressit.
1025 2697 1161 2769 Singulos,
1176 2699 1223 2769 qui
1234 2701 1355 2768 periere,
1369 2717 1418 2749 no·

406 2792 432 2844 9.
450 2773 576 2826 Animum
591 2775 720 2835 remissie
734 2775 871 2827 Sabinum·
915 2779 997 2830 minat
1003 2779 1086 2830 Tacit.
1095 2796 1154 2849 cap.
1166 2778 1207 2848 73.
1219 2777 1312 2830 Sabini
1318 2795 1415 2848 corpus

370 2875 442 2928 qne..
451 2893 471 2906 ..
484 2852 619 2926 compulit.
631 2856 787 2906 Invaserunt
800 2854 872 2907 Sabi·
916 2859 1067 2910 confossum
1076 2857 1335 2928 collaceratumque,
1346 2871 1371 2909 et
1378 2875 1417 2908 ca·

370 2953 433 2987 num
449 2935 517 2985 circa
533 2931 620 2985 lacum
635 2931 757 2984 Fundani
774 2932 869 2986 milites
915 2939 970 3008 pite
982 2950 1118 3002 naucum,
1130 2939 1157 2989 iu
1171 2937 1315 2989 Gemonias
1332 2951 1417 2989 traxe·

370 3015 869 3086 Vitelliani,inscioinvitoqueVitellio,
915 3033 944 3067 re
957 3012 1100 3068 Vitelliani.

370 3098 414 3148 cui
425 3095 527 3147 nullum
535 3113 643 3167 prorsus
654 3091 791 3146 consilium
798 3133 806 3161 ,
814 3094 870 3146 nul·
953 3115 962 3148 ι
972 3115 992 3148 t.
1003 3096 1284 3168 Prospiceret.Nullum
1292 3099 1416 3170 interpre-

369 3175 394 3226 la
405 3177 558 3228 auctoritas.
572 3173 721 3240 «Sabinus,
731 3191 759 3224 re
767 3173 869 3245 trepida
914 3189 966 3228 tem
987 3175 1101 3228 offendit
1118 3175 1313 3248 hoctempus,
1334 3197 1415 3250 quum

369 3255 421 3324 (ita
436 3255 520 3324 pergit
531 3254 614 3305 Tacit.
628 3272 652 3305 c.
667 3253 730 3324 69),
745 3253 817 3325 quod
832 3266 870 3303 tu·
914 3253 1078 3308 desiderares
1088 3257 1177 3326 potius
1188 3257 1369 3326 prospexisset,
1381 3255 1415 3308 ob

370 3335 498 3387 tissimum
510 3352 523 3384 e
534 3331 720 3402 presentibus,
731 3351 815 3383 arcem
825 3333 871 3383 Ca·
914 3333 1053 3404 sequentia
1064 3333 1125 3384 Non
1140 3332 1222 3386 multo
1236 3337 1414 3406 post....jura-

370 3412 456 3485 pitolii
469 3410 563 3462 insedit
577 3411 659 3462 milite
674 3424 699 3461 et
712 3410 869 3482 quibusdam
915 3412 965 3479 vit,
979 3429 1028 3463 nec
1040 3414 1097 3482 ipse
1108 3410 1142 3463 de
1154 3415 1301 3464 mutatione
1312 3416 1414 3482 cogito,

369 3494 526 3545 Senatorum
535 3489 720 3560 Equitumque.
732 3513 743 3536 s
757 3492 816 3560 lpse
827 3491 870 3540 Vi·
914 3490 960 3542 sed
974 3489 1001 3541 id
1014 3489 1094 3542 modo
1105 3493 1266 3543 monendum
1279 3495 1413 3557 existimo,

369 3568 458 3622 tellius
468 3567 540 3638 (cap.
551 3565 600 3637 70)
610 3567 751 3638 culpamin
763 3568 869 3619 militem
914 3581 1050 3619 auctorem
1065 3567 1091 3620 h.
1107 3569 1124 3618 l.
1144 3585 1200 3621 non
1218 3574 1414 3623 successionem

371 3649 538 3712 conferebat,
560 3669 572 3691 ι
582 3649 657 3716 cujus
679 3647 759 3699 nimio
780 3645 869 3699 ardori
913 3651 1041 3720 temporis
1053 3651 1080 3700 in
1091 3651 1183 3715 variis,
1199 3669 1256 3721 quae
1269 3653 1323 3720 egit
1336 3651 1415 3704 vitet·

369 3733 497 3801 imparem
516 3743 572 3778 esse
590 3723 741 3776 modestiam
761 3744 866 3778 mam.»
913 3725 976 3792 lius,
989 3743 1123 3798 spectare,
1136 3727 1181 3780 sed
1196 3731 1223 3779 in
1236 3728 1414 3780 describendo

369 3811 420 3861 Pro
427 3814 573 3870 metuentes,
580 3801 650 3873 vulg.
659 3811 787 3868 metuens,
796 3801 868 3873 quod
913 3801 1027 3856 hominis
1038 3806 1127 3856 auimo
1135 3806 1243 3871 versari,
1253 3818 1306 3857 tam
1316 3805 1415 3878 dispari

366 3892 426 3960 jure
445 3881 617 3956 repudiarunt
633 3881 790 3944 Burmann,
811 3883 868 3935 Ou-
912 3886 979 3935 intra
995 3883 1176 3938 brevissimum
1191 3889 1320 3958 temporis
1332 3888 1415 3940 iuter-

370 3965 464 4031 dend.,
477 3963 620 4016 Ernestius.
911 3962 1052 4029 vallum,ut
1060 3983 1140 4036 quum
1146 3969 1338 4038 prospiceretsit
1346 3968 1414 4020 idem

407 4063 447 4100 ιο.
470 4047 647 4114 Succensoque
665 4039 763 4112 templo
780 4043 867 4110 Jovis,
912 4042 971 4106 ille,
984 4044 1030 4115 qui
1041 4045 1146 4097 modo...
1159 4047 1345 4118 prospiciebat,
1360 4067 1413 4100 nott

369 4142 419 4180 etc.
436 4145 516 4199 quum
531 4121 664 4174 Vitelliani
678 4120 816 4173 obsessum
831 4122 868 4173 ibi
911 4122 996 4174 multo
1007 4132 1093 4196 post...
1098 4126 1208 4196 juravit.
1219 4125 1338 4196 Scriptor
1346 4125 1414 4177 Grat-

369 4207 495 4259 Sabinum
518 4220 578 4253 curn
599 4203 652 4253 suia
674 4216 866 4272 oppugnarent.
913 4220 959 4254 cus
976 4203 1145 4273 participium
1163 4205 1254 4255 aoristi
1272 4206 1411 4275 posuisset.
