<?xml version="1.0" encoding="UTF-8"?>
<!DOCTYPE html PUBLIC "-//W3C//DTD XHTML 1.0 Transitional//EN"
    "http://www.w3.org/TR/xhtml1/DTD/xhtml1-transitional.dtd">
<html xmlns="http://www.w3.org/1999/xhtml" xml:lang="en" lang="en">
 <head>
  <title>
</title>
<meta http-equiv="Content-Type" content="text/html;charset=utf-8" />
  <meta name='ocr-system' content='tesseract 3.04.00' />
  <meta name='ocr-capabilities' content='ocr_page ocr_carea ocr_par ocr_line ocrx_word'/>
</head>
<body>
  <div class='ocr_page' id='page_1' title='image "./csuetoniitranqu00suetgoog_0357.png"; bbox 0 0 3068 5144; ppageno 0'>
   <div class='ocr_carea' id='block_1_1' title="bbox 472 544 1168 629">
    <p class='ocr_par' dir='ltr' id='par_1_1' title="bbox 472 544 1168 629">
     <span class='ocr_line' id='line_1_1' title="bbox 472 544 1168 629; baseline 0.004 -24"><span class='ocrx_word' id='word_1_1' title='bbox 472 547 807 613; x_wconf 73' lang='lat' dir='ltr'><strong>vssrsslsuus.</strong></span> <span class='ocrx_word' id='word_1_2' title='bbox 1102 544 1168 629; x_wconf 80' lang='lat'><strong>327</strong></span> 
     </span>
    </p>
   </div>
   <div class='ocr_carea' id='block_1_2' title="bbox 116 670 1176 1882">
    <p class='ocr_par' dir='ltr' id='par_1_2' title="bbox 116 670 1176 1882">
     <span class='ocr_line' id='line_1_2' title="bbox 116 670 1174 769; baseline -0.007 -26"><span class='ocrx_word' id='word_1_3' title='bbox 116 678 345 769; x_wconf 82' lang='lat' dir='ltr'>principatum</span> <span class='ocrx_word' id='word_1_4' title='bbox 364 697 473 768; x_wconf 82' lang='lat' dir='ltr'><strong>usque</strong></span> <span class='ocrx_word' id='word_1_5' title='bbox 491 676 668 768; x_wconf 77' lang='lat' dir='ltr'>processit.</span> <span class='ocrx_word' id='word_1_6' title='bbox 687 671 796 754; x_wconf 85' lang='lat' dir='ltr'><strong>Polla,</strong></span> <span class='ocrx_word' id='word_1_7' title='bbox 814 674 946 740; x_wconf 75' lang='lat' dir='ltr'><strong>Nursiae</strong></span> <span class='ocrx_word' id='word_1_8' title='bbox 961 670 1104 740; x_wconf 83' lang='lat' dir='ltr'><strong>honesto</strong></span> <span class='ocrx_word' id='word_1_9' title='bbox 1121 695 1174 762; x_wconf 76' lang='lat' dir='ltr'><strong>ge</strong></span> 
     </span>
     <span class='ocr_line' id='line_1_3' title="bbox 117 779 1173 880; baseline -0.008 -24"><span class='ocrx_word' id='word_1_10' title='bbox 117 811 195 856; x_wconf 88' lang='lat' dir='ltr'><strong>nere</strong></span> <span class='ocrx_word' id='word_1_11' title='bbox 212 803 304 869; x_wconf 77' lang='lat' dir='ltr'><strong>orta,</strong></span> <span class='ocrx_word' id='word_1_12' title='bbox 317 803 450 880; x_wconf 84' lang='lat' dir='ltr'><strong>patrem</strong></span> <span class='ocrx_word' id='word_1_13' title='bbox 465 784 585 852; x_wconf 81' lang='lat' dir='ltr'><strong>babuit</strong></span> <span class='ocrx_word' id='word_1_14' title='bbox 600 785 800 876; x_wconf 73' lang='lat' dir='ltr'><strong>Vespasium</strong></span> <span class='ocrx_word' id='word_1_15' title='bbox 815 780 1018 866; x_wconf 84' lang='lat' dir='ltr'><strong>Pollionem,</strong></span> <span class='ocrx_word' id='word_1_16' title='bbox 1034 799 1084 850; x_wconf 87' lang='lat' dir='ltr'><strong>ter</strong></span> <span class='ocrx_word' id='word_1_17' title='bbox 1097 779 1173 849; x_wconf 86' lang='lat' dir='ltr'><strong>Tri·</strong></span> 
     </span>
     <span class='ocr_line' id='line_1_4' title="bbox 116 891 1175 988; baseline -0.005 -22"><span class='ocrx_word' id='word_1_18' title='bbox 116 895 249 966; x_wconf 87' lang='lat' dir='ltr'><strong>bunum</strong></span> <span class='ocrx_word' id='word_1_19' title='bbox 263 896 427 976; x_wconf 83' lang='lat' dir='ltr'><strong>miiitum,</strong></span> <span class='ocrx_word' id='word_1_20' title='bbox 441 895 710 988; x_wconf 73' lang='lat' dir='ltr'><strong>praefectumque</strong></span> <span class='ocrx_word' id='word_1_21' title='bbox 724 891 953 975; x_wconf 80' lang='lat' dir='ltr'><strong>cesuorum⁸;</strong></span> <span class='ocrx_word' id='word_1_22' title='bbox 969 892 1107 960; x_wconf 79' lang='lat' dir='ltr'><strong>fratrem</strong></span> <span class='ocrx_word' id='word_1_23' title='bbox 1122 895 1175 961; x_wconf 86' lang='lat' dir='ltr'><strong>se-</strong></span> 
     </span>
     <span class='ocr_line' id='line_1_5' title="bbox 117 1002 1173 1101; baseline -0.006 -25"><span class='ocrx_word' id='word_1_24' title='bbox 117 1025 271 1076; x_wconf 82' lang='lat' dir='ltr'><strong>natorem</strong></span> <span class='ocrx_word' id='word_1_25' title='bbox 282 1010 448 1101; x_wconf 86' lang='lat' dir='ltr'><strong>praetoriae</strong></span> <span class='ocrx_word' id='word_1_26' title='bbox 459 1007 641 1099; x_wconf 75' lang='lat' dir='ltr'><strong>dignitatis.</strong></span> <span class='ocrx_word' id='word_1_27' title='bbox 654 1011 764 1074; x_wconf 90' lang='lat' dir='ltr'><strong>Locus</strong></span> <span class='ocrx_word' id='word_1_28' title='bbox 777 1008 979 1074; x_wconf 82' lang='lat' dir='ltr'><strong>etiamnunc</strong></span> <span class='ocrx_word' id='word_1_29' title='bbox 988 1002 1032 1071; x_wconf 88' lang='lat' dir='ltr'><strong>ad</strong></span> <span class='ocrx_word' id='word_1_30' title='bbox 1041 1020 1173 1072; x_wconf 83' lang='lat' dir='ltr'><strong>sextum</strong></span> 
     </span>
     <span class='ocr_line' id='line_1_6' title="bbox 117 1117 1174 1211; baseline -0.006 -23"><span class='ocrx_word' id='word_1_31' title='bbox 117 1119 341 1188; x_wconf 80' lang='lat' dir='ltr'><strong>milliariume</strong></span> <span class='ocrx_word' id='word_1_32' title='bbox 353 1121 474 1188; x_wconf 89' lang='lat' dir='ltr'><strong>Nursia</strong></span> <span class='ocrx_word' id='word_1_33' title='bbox 483 1117 690 1211; x_wconf 85' lang='lat' dir='ltr'><strong>Spoletium9</strong></span> <span class='ocrx_word' id='word_1_34' title='bbox 702 1117 860 1186; x_wconf 84' lang='lat' dir='ltr'><strong>euntibus</strong></span> <span class='ocrx_word' id='word_1_35' title='bbox 870 1120 906 1184; x_wconf 90' lang='lat' dir='ltr'><strong>in</strong></span> <span class='ocrx_word' id='word_1_36' title='bbox 915 1132 1030 1184; x_wconf 88' lang='lat' dir='ltr'><strong>monte</strong></span> <span class='ocrx_word' id='word_1_37' title='bbox 1040 1139 1174 1186; x_wconf 86' lang='lat' dir='ltr'><strong>summo</strong></span> 
     </span>
     <span class='ocr_line' id='line_1_7' title="bbox 118 1228 1174 1326; baseline -0.006 -26"><span class='ocrx_word' id='word_1_38' title='bbox 118 1231 310 1326; x_wconf 81' lang='lat' dir='ltr'><strong>appelletur</strong></span> <span class='ocrx_word' id='word_1_39' title='bbox 324 1233 514 1324; x_wconf 79' lang='lat' dir='ltr'><strong>Vespasiae3</strong></span> <span class='ocrx_word' id='word_1_40' title='bbox 531 1230 590 1297; x_wconf 93' lang='lat' dir='ltr'><strong>ubi</strong></span> <span class='ocrx_word' id='word_1_41' title='bbox 605 1231 846 1324; x_wconf 73' lang='lat' dir='ltr'><strong>Vespasiorum</strong></span> <span class='ocrx_word' id='word_1_42' title='bbox 863 1228 1039 1321; x_wconf 83' lang='lat' dir='ltr'><strong>complura</strong></span> <span class='ocrx_word' id='word_1_43' title='bbox 1052 1251 1174 1296; x_wconf 89' lang='lat' dir='ltr'><strong>monn·</strong></span> 
     </span>
     <span class='ocr_line' id='line_1_8' title="bbox 119 1335 1176 1433; baseline -0.007 -23"><span class='ocrx_word' id='word_1_44' title='bbox 119 1359 234 1412; x_wconf 85' lang='lat' dir='ltr'><strong>menta</strong></span> <span class='ocrx_word' id='word_1_45' title='bbox 251 1359 401 1424; x_wconf 73' lang='lat' dir='ltr'><strong>exstant,</strong></span> <span class='ocrx_word' id='word_1_46' title='bbox 419 1366 583 1433; x_wconf 73' lang='lat' dir='ltr'><strong>magnum</strong></span> <span class='ocrx_word' id='word_1_47' title='bbox 601 1337 764 1409; x_wconf 87' lang='lat' dir='ltr'><strong>indicium</strong></span> <span class='ocrx_word' id='word_1_48' title='bbox 782 1335 972 1432; x_wconf 74' lang='lat' dir='ltr'><strong>splendoris</strong></span> <span class='ocrx_word' id='word_1_49' title='bbox 992 1336 1127 1406; x_wconf 72' lang='lat' dir='ltr'><strong>fnmssiae</strong></span> <span class='ocrx_word' id='word_1_50' title='bbox 1142 1355 1176 1403; x_wconf 84' lang='lat' dir='ltr'><strong>et</strong></span> 
     </span>
     <span class='ocr_line' id='line_1_9' title="bbox 120 1449 1175 1548; baseline -0.006 -26"><span class='ocrx_word' id='word_1_51' title='bbox 120 1457 305 1524; x_wconf 76' lang='lat' dir='ltr'><strong>vetustatis.</strong></span> <span class='ocrx_word' id='word_1_52' title='bbox 328 1459 406 1523; x_wconf 85' lang='lat' dir='ltr'><strong>Non</strong></span> <span class='ocrx_word' id='word_1_53' title='bbox 422 1457 634 1548; x_wconf 74' lang='lat' dir='ltr'><strong>negaverim,</strong></span> <span class='ocrx_word' id='word_1_54' title='bbox 653 1450 819 1546; x_wconf 78' lang='lat' dir='ltr'><strong>jactatum</strong></span> <span class='ocrx_word' id='word_1_55' title='bbox 836 1476 856 1518; x_wconf 89' lang='lat' dir='ltr'><strong>a</strong></span> <span class='ocrx_word' id='word_1_56' title='bbox 874 1449 1095 1546; x_wconf 80' lang='lat' dir='ltr'><strong>quibusdem,</strong></span> <span class='ocrx_word' id='word_1_57' title='bbox 1116 1455 1175 1516; x_wconf 89' lang='lat' dir='ltr'><strong>Pe·</strong></span> 
     </span>
     <span class='ocr_line' id='line_1_10' title="bbox 121 1563 1176 1661; baseline -0.007 -27"><span class='ocrx_word' id='word_1_58' title='bbox 121 1569 227 1636; x_wconf 85' lang='lat' dir='ltr'><strong>tronis</strong></span> <span class='ocrx_word' id='word_1_59' title='bbox 247 1585 379 1661; x_wconf 79' lang='lat' dir='ltr'><strong>patrem</strong></span> <span class='ocrx_word' id='word_1_60' title='bbox 402 1569 577 1659; x_wconf 79' lang='lat' dir='ltr'><strong>eregione</strong></span> <span class='ocrx_word' id='word_1_61' title='bbox 597 1563 841 1658; x_wconf 66' lang='lat' dir='ltr'><strong>Transpadana</strong></span> <span class='ocrx_word' id='word_1_62' title='bbox 861 1563 966 1632; x_wconf 83' lang='lat' dir='ltr'><strong>fuisse</strong></span> <span class='ocrx_word' id='word_1_63' title='bbox 985 1565 1176 1654; x_wconf 80' lang='lat' dir='ltr'><strong>mancipem</strong></span> 
     </span>
     <span class='ocr_line' id='line_1_11' title="bbox 120 1673 1176 1771; baseline -0.008 -26"><span class='ocrx_word' id='word_1_64' title='bbox 120 1696 302 1768; x_wconf 83' lang='lat' dir='ltr'><strong>operarum</strong></span> <span class='ocrx_word' id='word_1_65' title='bbox 313 1692 355 1760; x_wconf 87' lang='lat'><strong>¹⁰,</strong></span> <span class='ocrx_word' id='word_1_66' title='bbox 365 1677 638 1771; x_wconf 77' lang='lat' dir='ltr'><strong>queseernbria</strong></span> <span class='ocrx_word' id='word_1_67' title='bbox 649 1677 684 1742; x_wconf 91' lang='lat' dir='ltr'><strong>in</strong></span> <span class='ocrx_word' id='word_1_68' title='bbox 695 1675 835 1746; x_wconf 83' lang='lat' dir='ltr'><strong>Sabinos</strong></span> <span class='ocrx_word' id='word_1_69' title='bbox 844 1673 890 1742; x_wconf 84' lang='lat' dir='ltr'><strong>ud</strong></span> <span class='ocrx_word' id='word_1_70' title='bbox 898 1673 1066 1743; x_wconf 82' lang='lat' dir='ltr'><strong>culturam</strong></span> <span class='ocrx_word' id='word_1_71' title='bbox 1078 1695 1176 1765; x_wconf 74' lang='lat' dir='ltr'><strong>agro·</strong></span> 
     </span>
     <span class='ocr_line' id='line_1_12' title="bbox 122 1783 1176 1882; baseline -0.005 -28"><span class='ocrx_word' id='word_1_72' title='bbox 122 1811 199 1856; x_wconf 88' lang='lat' dir='ltr'><strong>rum</strong></span> <span class='ocrx_word' id='word_1_73' title='bbox 210 1789 393 1882; x_wconf 77' lang='lat' dir='ltr'><strong>quotannis</strong></span> <span class='ocrx_word' id='word_1_74' title='bbox 404 1811 594 1856; x_wconf 79' lang='lat' dir='ltr'><strong>commeare</strong></span> <span class='ocrx_word' id='word_1_75' title='bbox 610 1786 771 1856; x_wconf 81' lang='lat' dir='ltr'><strong>soleant¹¹</strong></span> <span class='ocrx_word' id='word_1_76' title='bbox 785 1813 793 1866; x_wconf 78' lang='lat'>3</span> <span class='ocrx_word' id='word_1_77' title='bbox 809 1783 1001 1854; x_wconf 75' lang='lat' dir='ltr'><strong>subsedisse</strong></span> <span class='ocrx_word' id='word_1_78' title='bbox 1012 1800 1127 1852; x_wconf 81' lang='lat' dir='ltr'><strong>autem</strong></span> <span class='ocrx_word' id='word_1_79' title='bbox 1141 1784 1176 1849; x_wconf 91' lang='lat' dir='ltr'><strong>in</strong></span> 
     </span>
    </p>
   </div>
   <div class='ocr_carea' id='block_1_3' title="bbox 122 1892 1297 1989">
    <p class='ocr_par' dir='ltr' id='par_1_3' title="bbox 122 1892 1297 1989">
     <span class='ocr_line' id='line_1_13' title="bbox 122 1892 1297 1989; baseline -0.006 -25"><span class='ocrx_word' id='word_1_80' title='bbox 122 1895 247 1989; x_wconf 91' lang='lat' dir='ltr'><strong>oppido</strong></span> <span class='ocrx_word' id='word_1_81' title='bbox 265 1899 422 1980; x_wconf 79' lang='lat' dir='ltr'><strong>Reatino,</strong></span> <span class='ocrx_word' id='word_1_82' title='bbox 442 1919 548 1964; x_wconf 83' lang='lat' dir='ltr'><strong>uxore</strong></span> <span class='ocrx_word' id='word_1_83' title='bbox 566 1893 690 1964; x_wconf 87' lang='lat' dir='ltr'><strong>ibidem</strong></span> <span class='ocrx_word' id='word_1_84' title='bbox 710 1892 823 1964; x_wconf 77' lang='lat' dir='ltr'><strong>ducta.</strong></span> <span class='ocrx_word' id='word_1_85' title='bbox 842 1898 919 1987; x_wconf 88' lang='lat' dir='ltr'><strong>lpse</strong></span> <span class='ocrx_word' id='word_1_86' title='bbox 937 1915 981 1962; x_wconf 91' lang='lat' dir='ltr'><strong>ne</strong></span> <span class='ocrx_word' id='word_1_87' title='bbox 999 1893 1176 1982; x_wconf 76' lang='lat' dir='ltr'><strong>vestigium</strong></span> <span class='ocrx_word' id='word_1_88' title='bbox 1292 1925 1297 1933; x_wconf 78' lang='lat'><strong>·</strong></span> 
     </span>
    </p>
   </div>
   <div class='ocr_carea' id='block_1_4' title="bbox 122 2003 1229 2543">
    <p class='ocr_par' dir='ltr' id='par_1_4' title="bbox 122 2003 1174 2102">
     <span class='ocr_line' id='line_1_14' title="bbox 122 2003 1174 2102; baseline -0.009 -27"><span class='ocrx_word' id='word_1_89' title='bbox 122 2005 260 2102; x_wconf 88' lang='lat' dir='ltr'><strong>quidem</strong></span> <span class='ocrx_word' id='word_1_90' title='bbox 269 2004 312 2074; x_wconf 90' lang='lat' dir='ltr'><strong>de</strong></span> <span class='ocrx_word' id='word_1_91' title='bbox 322 2007 404 2090; x_wconf 90' lang='lat' dir='ltr'><strong>hoc,</strong></span> <span class='ocrx_word' id='word_1_92' title='bbox 415 2009 568 2101; x_wconf 89' lang='lat' dir='ltr'><strong>quamvis</strong></span> <span class='ocrx_word' id='word_1_93' title='bbox 581 2008 660 2074; x_wconf 79' lang='lat' dir='ltr'><strong>satis</strong></span> <span class='ocrx_word' id='word_1_94' title='bbox 672 2009 805 2074; x_wconf 88' lang='lat' dir='ltr'><strong>curiose</strong></span> <span class='ocrx_word' id='word_1_95' title='bbox 817 2006 1040 2098; x_wconf 83' lang='lat' dir='ltr'><strong>inquirerem,</strong></span> <span class='ocrx_word' id='word_1_96' title='bbox 1051 2003 1174 2070; x_wconf 89' lang='lat' dir='ltr'><strong>inveni.</strong></span> 
     </span>
    </p>

    <p class='ocr_par' dir='ltr' id='par_1_5' title="bbox 123 2112 1229 2543">
     <span class='ocr_line' id='line_1_15' title="bbox 168 2112 1175 2210; baseline -0.007 -26"><span class='ocrx_word' id='word_1_97' title='bbox 168 2121 210 2184; x_wconf 88' lang='lat' dir='ltr'><strong>H.</strong></span> <span class='ocrx_word' id='word_1_98' title='bbox 231 2119 458 2210; x_wconf 86' lang='lat' dir='ltr'><strong>Vespasianus</strong></span> <span class='ocrx_word' id='word_1_99' title='bbox 472 2132 572 2182; x_wconf 80' lang='lat' dir='ltr'><strong>natus</strong></span> <span class='ocrx_word' id='word_1_100' title='bbox 591 2132 643 2182; x_wconf 87' lang='lat' dir='ltr'><strong>est</strong></span> <span class='ocrx_word' id='word_1_101' title='bbox 660 2118 695 2180; x_wconf 86' lang='lat' dir='ltr'><strong>in</strong></span> <span class='ocrx_word' id='word_1_102' title='bbox 714 2113 843 2183; x_wconf 84' lang='lat' dir='ltr'><strong>Sabinis</strong></span> <span class='ocrx_word' id='word_1_103' title='bbox 858 2112 948 2180; x_wconf 81' lang='lat' dir='ltr'><strong>ultra</strong></span> <span class='ocrx_word' id='word_1_104' title='bbox 964 2117 1083 2194; x_wconf 81' lang='lat' dir='ltr'><strong>Reate,</strong></span> <span class='ocrx_word' id='word_1_105' title='bbox 1100 2113 1175 2178; x_wconf 93' lang='lat' dir='ltr'><strong>vico</strong></span> 
     </span>
     <span class='ocr_line' id='line_1_16' title="bbox 123 2219 1176 2318; baseline -0.006 -24"><span class='ocrx_word' id='word_1_106' title='bbox 123 2225 272 2309; x_wconf 87' lang='lat' dir='ltr'><strong>modico,</strong></span> <span class='ocrx_word' id='word_1_107' title='bbox 285 2229 339 2293; x_wconf 91' lang='lat' dir='ltr'><strong>cui</strong></span> <span class='ocrx_word' id='word_1_108' title='bbox 351 2251 476 2294; x_wconf 90' lang='lat' dir='ltr'><strong>nomen</strong></span> <span class='ocrx_word' id='word_1_109' title='bbox 490 2242 541 2293; x_wconf 92' lang='lat' dir='ltr'><strong>est</strong></span> <span class='ocrx_word' id='word_1_110' title='bbox 551 2225 749 2292; x_wconf 82' lang='lat' dir='ltr'><strong>Phalacrine</strong></span> <span class='ocrx_word' id='word_1_111' title='bbox 759 2235 782 2308; x_wconf 91' lang='lat'><strong>¹,</strong></span> <span class='ocrx_word' id='word_1_112' title='bbox 795 2221 1044 2318; x_wconf 89' lang='lat' dir='ltr'><strong>quintodecimo</strong></span> <span class='ocrx_word' id='word_1_113' title='bbox 1057 2219 1176 2292; x_wconf 85' lang='lat' dir='ltr'><strong>Kalen·</strong></span> 
     </span>
     <span class='ocr_line' id='line_1_17' title="bbox 123 2336 1175 2431; baseline -0.006 -25"><span class='ocrx_word' id='word_1_114' title='bbox 123 2337 183 2408; x_wconf 87' lang='lat' dir='ltr'><strong>dae</strong></span> <span class='ocrx_word' id='word_1_115' title='bbox 192 2337 401 2419; x_wconf 87' lang='lat' dir='ltr'><strong>Decembris,</strong></span> <span class='ocrx_word' id='word_1_116' title='bbox 411 2341 610 2431; x_wconf 86' lang='lat' dir='ltr'><strong>vesperi,Q.</strong></span> <span class='ocrx_word' id='word_1_117' title='bbox 623 2336 770 2430; x_wconf 81' lang='lat' dir='ltr'><strong>Sulpicio</strong></span> <span class='ocrx_word' id='word_1_118' title='bbox 778 2339 969 2417; x_wconf 81' lang='lat' dir='ltr'><strong>Camerino,</strong></span> <span class='ocrx_word' id='word_1_119' title='bbox 978 2339 1014 2402; x_wconf 88' lang='lat' dir='ltr'><strong>C.</strong></span> <span class='ocrx_word' id='word_1_120' title='bbox 1029 2340 1175 2429; x_wconf 75' lang='lat' dir='ltr'><strong>Poppaeo</strong></span> 
     </span>
     <span class='ocr_line' id='line_1_18' title="bbox 123 2447 1229 2543; baseline -0.004 -27"><span class='ocrx_word' id='word_1_121' title='bbox 123 2448 262 2530; x_wconf 82' lang='lat' dir='ltr'><strong>Sabino,</strong></span> <span class='ocrx_word' id='word_1_122' title='bbox 273 2447 516 2530; x_wconf 66' lang='lat' dir='ltr'><strong>Considibuv,</strong></span> <span class='ocrx_word' id='word_1_123' title='bbox 532 2450 766 2543; x_wconf 90' lang='lat' dir='ltr'><strong>quinquennio</strong></span> <span class='ocrx_word' id='word_1_124' title='bbox 778 2461 872 2530; x_wconf 77' lang='lat' dir='ltr'><strong>ente,</strong></span> <span class='ocrx_word' id='word_1_125' title='bbox 888 2469 991 2542; x_wconf 86' lang='lat' dir='ltr'><strong>quem</strong></span> <span class='ocrx_word' id='word_1_126' title='bbox 1005 2453 1176 2540; x_wconf 77' lang='lat' dir='ltr'><strong>Augustus</strong></span> <span class='ocrx_word' id='word_1_127' title='bbox 1226 2533 1229 2538; x_wconf 18' lang='grc' dir='ltr'>Ι</span> 
     </span>
    </p>
   </div>
   <div class='ocr_carea' id='block_1_5' title="bbox 124 2666 1250 3219">
    <p class='ocr_par' dir='ltr' id='par_1_6' title="bbox 124 2666 1250 3058">
     <span class='ocr_line' id='line_1_19' title="bbox 124 2666 1176 2742; baseline 0.001 -24"><span class='ocrx_word' id='word_1_128' title='bbox 124 2679 224 2719; x_wconf 75' lang='lat' dir='ltr'><strong>etumm</strong></span> <span class='ocrx_word' id='word_1_129' title='bbox 249 2667 340 2734; x_wconf 81' lang='lat' dir='ltr'><strong>Urbis,</strong></span> <span class='ocrx_word' id='word_1_130' title='bbox 362 2680 413 2720; x_wconf 84' lang='lat' dir='ltr'><strong>etc.</strong></span> <span class='ocrx_word' id='word_1_131' title='bbox 432 2667 483 2722; x_wconf 88' lang='lat' dir='ltr'><strong>sub</strong></span> <span class='ocrx_word' id='word_1_132' title='bbox 504 2671 628 2732; x_wconf 75' lang='lat' dir='ltr'><strong>Nerone,</strong></span> <span class='ocrx_word' id='word_1_133' title='bbox 672 2681 723 2727; x_wconf 71' lang='lat' dir='ltr'><strong>esc.</strong></span> <span class='ocrx_word' id='word_1_134' title='bbox 738 2669 792 2722; x_wconf 88' lang='lat' dir='ltr'><strong>boo</strong></span> <span class='ocrx_word' id='word_1_135' title='bbox 803 2683 857 2737; x_wconf 80' lang='lat' dir='ltr'><strong>est,</strong></span> <span class='ocrx_word' id='word_1_136' title='bbox 871 2672 918 2742; x_wconf 86' lang='lat' dir='ltr'><strong>qui</strong></span> <span class='ocrx_word' id='word_1_137' title='bbox 932 2666 1101 2724; x_wconf 76' lang='lat' dir='ltr'><strong>conducebat</strong></span> <span class='ocrx_word' id='word_1_138' title='bbox 1112 2686 1176 2739; x_wconf 87' lang='lat' dir='ltr'><strong>ope-</strong></span> 
     </span>
     <span class='ocr_line' id='line_1_20' title="bbox 125 2746 1176 2820; baseline 0.001 -22"><span class='ocrx_word' id='word_1_139' title='bbox 125 2759 267 2818; x_wconf 79' lang='lat' dir='ltr'><strong>motusque</strong></span> <span class='ocrx_word' id='word_1_140' title='bbox 287 2746 415 2818; x_wconf 68' lang='lat' dir='ltr'><strong>dignitate</strong></span> <span class='ocrx_word' id='word_1_141' title='bbox 432 2749 563 2816; x_wconf 67' lang='lat' dir='ltr'><strong>acerba,</strong></span> <span class='ocrx_word' id='word_1_142' title='bbox 580 2749 630 2802; x_wconf 83' lang='lat' dir='ltr'><strong>ite·</strong></span> <span class='ocrx_word' id='word_1_143' title='bbox 674 2747 797 2816; x_wconf 76' lang='lat' dir='ltr'><strong>resilias,</strong></span> <span class='ocrx_word' id='word_1_144' title='bbox 810 2751 941 2820; x_wconf 76' lang='lat' dir='ltr'><strong>ermejori</strong></span> <span class='ocrx_word' id='word_1_145' title='bbox 949 2747 1086 2814; x_wconf 78' lang='lat' dir='ltr'><strong>mercede,</strong></span> <span class='ocrx_word' id='word_1_146' title='bbox 1096 2766 1176 2819; x_wconf 83' lang='lat' dir='ltr'><strong>quem</strong></span> 
     </span>
     <span class='ocr_line' id='line_1_21' title="bbox 125 2823 1250 2900; baseline -0.001 -20"><span class='ocrx_word' id='word_1_147' title='bbox 125 2843 180 2880; x_wconf 74' lang='lat' dir='ltr'><strong>rum</strong></span> <span class='ocrx_word' id='word_1_148' title='bbox 191 2823 242 2880; x_wconf 83' lang='lat' dir='ltr'><strong>sub</strong></span> <span class='ocrx_word' id='word_1_149' title='bbox 252 2825 369 2880; x_wconf 73' lang='lat' dir='ltr'><strong>Othone.</strong></span> <span class='ocrx_word' id='word_1_150' title='bbox 377 2829 463 2880; x_wconf 82' lang='lat' dir='ltr'><strong>Tacit.</strong></span> <span class='ocrx_word' id='word_1_151' title='bbox 473 2828 628 2895; x_wconf 58' lang='lat' dir='ltr'><strong>nieme,</strong></span> <span class='ocrx_word' id='word_1_152' title='bbox 671 2829 729 2899; x_wconf 83' lang='lat' dir='ltr'><strong>ipse</strong></span> <span class='ocrx_word' id='word_1_153' title='bbox 742 2826 868 2896; x_wconf 74' lang='lat' dir='ltr'><strong>dederet,</strong></span> <span class='ocrx_word' id='word_1_154' title='bbox 884 2827 1083 2900; x_wconf 79' lang='lat' dir='ltr'><strong>possessoribus</strong></span> <span class='ocrx_word' id='word_1_155' title='bbox 1097 2843 1177 2899; x_wconf 67' lang='lat' dir='ltr'><strong>egro·</strong></span> <span class='ocrx_word' id='word_1_156' title='bbox 1246 2857 1250 2864; x_wconf 93' lang='lat'>·</span> 
     </span>
     <span class='ocr_line' id='line_1_22' title="bbox 128 2906 1177 2981; baseline 0.002 -23"><span class='ocrx_word' id='word_1_157' title='bbox 128 2906 210 2959; x_wconf 80' lang='lat' dir='ltr'><strong>-Urbi</strong></span> <span class='ocrx_word' id='word_1_158' title='bbox 218 2907 340 2960; x_wconf 81' lang='lat' dir='ltr'><strong>Flavium</strong></span> <span class='ocrx_word' id='word_1_159' title='bbox 346 2908 475 2962; x_wconf 82' lang='lat' dir='ltr'><strong>Sebinum</strong></span> <span class='ocrx_word' id='word_1_160' title='bbox 485 2911 628 2981; x_wconf 73' lang='lat' dir='ltr'><strong>prefecere</strong></span> <span class='ocrx_word' id='word_1_161' title='bbox 673 2926 732 2959; x_wconf 85' lang='lat' dir='ltr'><strong>rum</strong></span> <span class='ocrx_word' id='word_1_162' title='bbox 743 2908 874 2962; x_wconf 75' lang='lat' dir='ltr'><strong>elucebat.</strong></span> <span class='ocrx_word' id='word_1_163' title='bbox 887 2911 927 2962; x_wconf 90' lang='lat' dir='ltr'><strong>De</strong></span> <span class='ocrx_word' id='word_1_164' title='bbox 938 2927 997 2960; x_wconf 86' lang='lat' dir='ltr'><strong>voc.</strong></span> <span class='ocrx_word' id='word_1_165' title='bbox 1009 2926 1132 2979; x_wconf 77' lang='lat' dir='ltr'><strong>manceps</strong></span> <span class='ocrx_word' id='word_1_166' title='bbox 1140 2909 1177 2960; x_wconf 75' lang='lat' dir='ltr'><strong>vi-</strong></span> 
     </span>
     <span class='ocr_line' id='line_1_23' title="bbox 124 2983 1079 3058; baseline 0 -20"><span class='ocrx_word' id='word_1_167' title='bbox 124 2983 262 3058; x_wconf 74' lang='lat' dir='ltr'><strong>(miiitee)‚</strong></span> <span class='ocrx_word' id='word_1_168' title='bbox 269 2985 402 3056; x_wconf 85' lang='lat' dir='ltr'><strong>judicium</strong></span> <span class='ocrx_word' id='word_1_169' title='bbox 409 2989 522 3042; x_wconf 79' lang='lat' dir='ltr'><strong>Neronis</strong></span> <span class='ocrx_word' id='word_1_170' title='bbox 530 2990 629 3052; x_wconf 78' lang='lat' dir='ltr'><strong>secuti,</strong></span> <span class='ocrx_word' id='word_1_171' title='bbox 673 2984 707 3043; x_wconf 72' lang='lat' dir='ltr'><strong>de</strong></span> <span class='ocrx_word' id='word_1_172' title='bbox 719 2984 804 3040; x_wconf 81' lang='lat' dir='ltr'><strong>Cicer.</strong></span> <span class='ocrx_word' id='word_1_173' title='bbox 817 3001 887 3040; x_wconf 79' lang='lat' dir='ltr'><strong>nost.</strong></span> <span class='ocrx_word' id='word_1_174' title='bbox 900 2985 982 3038; x_wconf 85' lang='lat' dir='ltr'><strong>indie.</strong></span> <span class='ocrx_word' id='word_1_175' title='bbox 994 2988 1079 3040; x_wconf 76' lang='lat' dir='ltr'><strong>Latin.</strong></span> 
     </span>
    </p>

    <p class='ocr_par' dir='ltr' id='par_1_7' title="bbox 125 3064 1179 3219">
     <span class='ocr_line' id='line_1_24' title="bbox 127 3064 1177 3140; baseline 0.002 -24"><span class='ocrx_word' id='word_1_176' title='bbox 127 3064 244 3138; x_wconf 79' lang='lat' dir='ltr'><strong>subque</strong></span> <span class='ocrx_word' id='word_1_177' title='bbox 264 3065 387 3120; x_wconf 84' lang='lat' dir='ltr'><strong>eamdem</strong></span> <span class='ocrx_word' id='word_1_178' title='bbox 402 3085 493 3120; x_wconf 84' lang='lat' dir='ltr'><strong>curam</strong></span> <span class='ocrx_word' id='word_1_179' title='bbox 507 3068 629 3121; x_wconf 81' lang='lat' dir='ltr'><strong>obtinue-</strong></span> <span class='ocrx_word' id='word_1_180' title='bbox 713 3082 752 3116; x_wconf 89' lang='lat' dir='ltr'><strong>rr.</strong></span> <span class='ocrx_word' id='word_1_181' title='bbox 771 3066 888 3118; x_wconf 75' lang='lat' dir='ltr'><strong>Scleanr.</strong></span> <span class='ocrx_word' id='word_1_182' title='bbox 902 3068 941 3117; x_wconf 75' lang='lat' dir='ltr'><strong>lte</strong></span> <span class='ocrx_word' id='word_1_183' title='bbox 955 3069 1062 3119; x_wconf 87' lang='lat' dir='ltr'><strong>Memm.</strong></span> <span class='ocrx_word' id='word_1_184' title='bbox 1080 3065 1177 3140; x_wconf 81' lang='lat' dir='ltr'><strong>aliique</strong></span> 
     </span>
     <span class='ocr_line' id='line_1_25' title="bbox 125 3142 1179 3219; baseline 0 -21"><span class='ocrx_word' id='word_1_185' title='bbox 125 3143 630 3218; x_wconf 74' lang='lat' dir='ltr'><strong>rer3pierisqueVespasianumfrsrrem</strong></span> <span class='ocrx_word' id='word_1_186' title='bbox 673 3142 759 3198; x_wconf 85' lang='lat' dir='ltr'><strong>Codd.</strong></span> <span class='ocrx_word' id='word_1_187' title='bbox 773 3145 852 3216; x_wconf 70' lang='lat' dir='ltr'><strong>Vuig.</strong></span> <span class='ocrx_word' id='word_1_188' title='bbox 866 3144 995 3212; x_wconf 71' lang='lat' dir='ltr'><strong>seimus,</strong></span> <span class='ocrx_word' id='word_1_189' title='bbox 1011 3145 1084 3219; x_wconf 81' lang='lat' dir='ltr'><strong>qnod</strong></span> <span class='ocrx_word' id='word_1_190' title='bbox 1100 3149 1179 3200; x_wconf 87' lang='lat' dir='ltr'><strong>unice</strong></span> 
     </span>
    </p>
   </div>
   <div class='ocr_carea' id='block_1_6' title="bbox 125 3223 1298 3298">
    <p class='ocr_par' dir='ltr' id='par_1_8' title="bbox 125 3223 1298 3298">
     <span class='ocr_line' id='line_1_26' title="bbox 125 3223 1298 3298; baseline 0.003 -25"><span class='ocrx_word' id='word_1_191' title='bbox 125 3227 630 3298; x_wconf 64' lang='lat' dir='ltr'><strong>inwrespieiemibumpsiothoni,</strong></span> <span class='ocrx_word' id='word_1_192' title='bbox 674 3223 1180 3296; x_wconf 56' lang='lat' dir='ltr'><strong>verumcensersrnenebpmcedes</strong></span> <span class='ocrx_word' id='word_1_193' title='bbox 1293 3285 1298 3294; x_wconf 36' lang='grc' dir='ltr'>Ι</span> 
     </span>
    </p>
   </div>
   <div class='ocr_carea' id='block_1_7' title="bbox 126 3302 1205 4324">
    <p class='ocr_par' dir='ltr' id='par_1_9' title="bbox 126 3302 1205 4324">
     <span class='ocr_line' id='line_1_27' title="bbox 127 3302 1181 3376; baseline 0.001 -20"><span class='ocrx_word' id='word_1_194' title='bbox 127 3303 199 3376; x_wconf 87' lang='lat' dir='ltr'><strong>qnod</strong></span> <span class='ocrx_word' id='word_1_195' title='bbox 210 3307 268 3374; x_wconf 80' lang='lat' dir='ltr'><strong>ejus</strong></span> <span class='ocrx_word' id='word_1_196' title='bbox 279 3308 388 3373; x_wconf 81' lang='lat' dir='ltr'><strong>nprnine</strong></span> <span class='ocrx_word' id='word_1_197' title='bbox 399 3307 502 3358; x_wconf 78' lang='lat' dir='ltr'><strong>fectum</strong></span> <span class='ocrx_word' id='word_1_198' title='bbox 516 3325 533 3358; x_wconf 84' lang='lat' dir='ltr'><strong>a</strong></span> <span class='ocrx_word' id='word_1_199' title='bbox 544 3305 631 3360; x_wconf 83' lang='lat' dir='ltr'><strong>militi·</strong></span> <span class='ocrx_word' id='word_1_200' title='bbox 675 3303 850 3373; x_wconf 73' lang='lat' dir='ltr'><strong>dejectarum</strong></span> <span class='ocrx_word' id='word_1_201' title='bbox 858 3341 869 3370; x_wconf 86' lang='lat'><strong>‚</strong></span> <span class='ocrx_word' id='word_1_202' title='bbox 875 3302 972 3374; x_wconf 81' lang='lat' dir='ltr'><strong>fuisse,</strong></span> <span class='ocrx_word' id='word_1_203' title='bbox 986 3321 1043 3376; x_wconf 78' lang='lat' dir='ltr'><strong>que</strong></span> <span class='ocrx_word' id='word_1_204' title='bbox 1056 3305 1181 3376; x_wconf 82' lang='lat' dir='ltr'><strong>imperfe-</strong></span> 
     </span>
     <span class='ocr_line' id='line_1_28' title="bbox 126 3377 1181 3451; baseline 0 -17"><span class='ocrx_word' id='word_1_205' title='bbox 126 3381 188 3450; x_wconf 86' lang='lat' dir='ltr'><strong>bus,</strong></span> <span class='ocrx_word' id='word_1_206' title='bbox 199 3381 435 3436; x_wconf 83' lang='lat' dir='ltr'><strong>tribuitPlutercb.</strong></span> <span class='ocrx_word' id='word_1_207' title='bbox 446 3383 510 3438; x_wconf 78' lang='lat' dir='ltr'><strong>oth.</strong></span> <span class='ocrx_word' id='word_1_208' title='bbox 521 3384 547 3438; x_wconf 84' lang='lat'><strong>5.</strong></span> <span class='ocrx_word' id='word_1_209' title='bbox 556 3385 630 3436; x_wconf 88' lang='lat' dir='ltr'><strong>Com·</strong></span> <span class='ocrx_word' id='word_1_210' title='bbox 675 3393 749 3432; x_wconf 76' lang='lat' dir='ltr'><strong>etum</strong></span> <span class='ocrx_word' id='word_1_211' title='bbox 764 3381 900 3451; x_wconf 84' lang='lat' dir='ltr'><strong>requirere</strong></span> <span class='ocrx_word' id='word_1_212' title='bbox 915 3377 986 3432; x_wconf 86' lang='lat' dir='ltr'><strong>dicit.</strong></span> <span class='ocrx_word' id='word_1_213' title='bbox 1002 3380 1054 3433; x_wconf 90' lang='lat' dir='ltr'><strong>Sed</strong></span> <span class='ocrx_word' id='word_1_214' title='bbox 1068 3380 1138 3434; x_wconf 88' lang='lat' dir='ltr'><strong>bene</strong></span> <span class='ocrx_word' id='word_1_215' title='bbox 1152 3401 1181 3434; x_wconf 83' lang='lat' dir='ltr'><strong>ss</strong></span> 
     </span>
     <span class='ocr_line' id='line_1_29' title="bbox 126 3458 1181 3524; baseline -0.002 -12"><span class='ocrx_word' id='word_1_216' title='bbox 126 3465 389 3516; x_wconf 70' lang='lat' dir='ltr'><strong>memoruuriterum</strong></span> <span class='ocrx_word' id='word_1_217' title='bbox 399 3464 631 3518; x_wconf 76' lang='lat' dir='ltr'><strong>utPraefectusUr·</strong></span> <span class='ocrx_word' id='word_1_218' title='bbox 675 3458 756 3512; x_wconf 75' lang='lat' dir='ltr'><strong>habet</strong></span> <span class='ocrx_word' id='word_1_219' title='bbox 777 3459 896 3524; x_wconf 72' lang='lat' dir='ltr'><strong>soleam,</strong></span> <span class='ocrx_word' id='word_1_220' title='bbox 918 3461 940 3512; x_wconf 85' lang='lat' dir='ltr'><strong>si</strong></span> <span class='ocrx_word' id='word_1_221' title='bbox 960 3458 1039 3512; x_wconf 73' lang='lat' dir='ltr'><strong>idem</strong></span> <span class='ocrx_word' id='word_1_222' title='bbox 1051 3479 1109 3513; x_wconf 80' lang='lat' dir='ltr'><strong>mos</strong></span> <span class='ocrx_word' id='word_1_223' title='bbox 1130 3463 1181 3514; x_wconf 73' lang='lat' dir='ltr'><strong>fnit</strong></span> 
     </span>
     <span class='ocr_line' id='line_1_30' title="bbox 126 3537 1183 3612; baseline 0.002 -22"><span class='ocrx_word' id='word_1_224' title='bbox 126 3537 165 3592; x_wconf 80' lang='lat' dir='ltr'><strong>bis</strong></span> <span class='ocrx_word' id='word_1_225' title='bbox 177 3558 193 3592; x_wconf 80' lang='grc' dir='ltr'>ι</span> <span class='ocrx_word' id='word_1_226' title='bbox 204 3541 290 3592; x_wconf 77' lang='lat' dir='ltr'><strong>Tacit.</strong></span> <span class='ocrx_word' id='word_1_227' title='bbox 301 3541 339 3606; x_wconf 85' lang='lat'><strong>11,</strong></span> <span class='ocrx_word' id='word_1_228' title='bbox 351 3541 396 3596; x_wconf 82' lang='lat'><strong>63.</strong></span> <span class='ocrx_word' id='word_1_229' title='bbox 677 3541 766 3612; x_wconf 86' lang='lat' dir='ltr'><strong>operis</strong></span> <span class='ocrx_word' id='word_1_230' title='bbox 780 3537 831 3592; x_wconf 77' lang='lat' dir='ltr'><strong>iliis</strong></span> <span class='ocrx_word' id='word_1_231' title='bbox 849 3552 969 3611; x_wconf 83' lang='lat' dir='ltr'><strong>tempore</strong></span> <span class='ocrx_word' id='word_1_232' title='bbox 985 3538 1074 3594; x_wconf 79' lang='lat' dir='ltr'><strong>adhuc</strong></span> <span class='ocrx_word' id='word_1_233' title='bbox 1086 3541 1183 3594; x_wconf 83' lang='lat' dir='ltr'><strong>Sueto-</strong></span> 
     </span>
     <span class='ocr_line' id='line_1_31' title="bbox 160 3619 1184 3692; baseline 0.002 -20"><span class='ocrx_word' id='word_1_234' title='bbox 160 3620 186 3672; x_wconf 85' lang='lat'><strong>8.</strong></span> <span class='ocrx_word' id='word_1_235' title='bbox 201 3619 411 3692; x_wconf 76' lang='lat' dir='ltr'><strong>Proefeerumqne</strong></span> <span class='ocrx_word' id='word_1_236' title='bbox 423 3628 573 3671; x_wconf 78' lang='lat' dir='ltr'><strong>castrorum.</strong></span> <span class='ocrx_word' id='word_1_237' title='bbox 586 3621 632 3671; x_wconf 89' lang='lat' dir='ltr'><strong>Vi·</strong></span> <span class='ocrx_word' id='word_1_238' title='bbox 677 3622 723 3672; x_wconf 90' lang='lat' dir='ltr'><strong>nii.</strong></span> <span class='ocrx_word' id='word_1_239' title='bbox 736 3621 792 3672; x_wconf 89' lang='lat' dir='ltr'><strong>lmo</strong></span> <span class='ocrx_word' id='word_1_240' title='bbox 803 3620 991 3692; x_wconf 80' lang='lat' dir='ltr'><strong>imperfectum</strong></span> <span class='ocrx_word' id='word_1_241' title='bbox 1000 3639 1032 3674; x_wconf 85' lang='lat' dir='ltr'><strong>ex</strong></span> <span class='ocrx_word' id='word_1_242' title='bbox 1042 3624 1184 3675; x_wconf 83' lang='lat' dir='ltr'><strong>eorrectio·</strong></span> 
     </span>
     <span class='ocr_line' id='line_1_32' title="bbox 126 3693 1092 3770; baseline 0.002 -22"><span class='ocrx_word' id='word_1_243' title='bbox 126 3695 159 3748; x_wconf 86' lang='lat' dir='ltr'><strong>de</strong></span> <span class='ocrx_word' id='word_1_244' title='bbox 170 3697 244 3770; x_wconf 84' lang='lat' dir='ltr'><strong>Lips.</strong></span> <span class='ocrx_word' id='word_1_245' title='bbox 260 3697 369 3748; x_wconf 76' lang='lat' dir='ltr'><strong>Excurs.</strong></span> <span class='ocrx_word' id='word_1_246' title='bbox 388 3693 423 3747; x_wconf 85' lang='lat' dir='ltr'><strong>ad</strong></span> <span class='ocrx_word' id='word_1_247' title='bbox 436 3695 520 3748; x_wconf 79' lang='lat' dir='ltr'><strong>Tseie.</strong></span> <span class='ocrx_word' id='word_1_248' title='bbox 536 3697 631 3748; x_wconf 81' lang='lat' dir='ltr'><strong>Annei.</strong></span> <span class='ocrx_word' id='word_1_249' title='bbox 678 3718 711 3750; x_wconf 89' lang='lat' dir='ltr'><strong>ne</strong></span> <span class='ocrx_word' id='word_1_250' title='bbox 725 3699 839 3766; x_wconf 84' lang='lat' dir='ltr'><strong>videtur,</strong></span> <span class='ocrx_word' id='word_1_251' title='bbox 855 3714 885 3750; x_wconf 89' lang='lat' dir='ltr'><strong>ut</strong></span> <span class='ocrx_word' id='word_1_252' title='bbox 898 3699 987 3752; x_wconf 79' lang='lat' dir='ltr'><strong>Budaei</strong></span> <span class='ocrx_word' id='word_1_253' title='bbox 1000 3699 1092 3753; x_wconf 75' lang='lat' dir='ltr'><strong>solent.</strong></span> 
     </span>
     <span class='ocr_line' id='line_1_33' title="bbox 127 3775 1183 3847; baseline 0.001 -18"><span class='ocrx_word' id='word_1_254' title='bbox 127 3779 152 3844; x_wconf 86' lang='lat'><strong>1,</strong></span> <span class='ocrx_word' id='word_1_255' title='bbox 164 3793 206 3830; x_wconf 68' lang='grc' dir='ltr'><strong>πο.</strong></span> <span class='ocrx_word' id='word_1_256' title='bbox 217 3775 287 3828; x_wconf 85' lang='lat' dir='ltr'><strong>Edit.</strong></span> <span class='ocrx_word' id='word_1_257' title='bbox 300 3789 371 3830; x_wconf 80' lang='lat' dir='ltr'><strong>nost.</strong></span> <span class='ocrx_word' id='word_1_258' title='bbox 382 3791 400 3827; x_wconf 86' lang='lat' dir='ltr'><strong>t.</strong></span> <span class='ocrx_word' id='word_1_259' title='bbox 413 3778 458 3840; x_wconf 81' lang='lat' dir='ltr'><strong>W,</strong></span> <span class='ocrx_word' id='word_1_260' title='bbox 469 3795 497 3847; x_wconf 90' lang='lat' dir='ltr'><strong>p.</strong></span> <span class='ocrx_word' id='word_1_261' title='bbox 511 3775 571 3829; x_wconf 83' lang='lat'><strong>335.</strong></span> <span class='ocrx_word' id='word_1_262' title='bbox 585 3778 631 3828; x_wconf 82' lang='lat' dir='ltr'><strong>En.</strong></span> <span class='ocrx_word' id='word_1_263' title='bbox 713 3780 744 3830; x_wconf 86' lang='lat' dir='ltr'><strong>li.</strong></span> <span class='ocrx_word' id='word_1_264' title='bbox 758 3797 781 3829; x_wconf 92' lang='lat' dir='ltr'><strong>r.</strong></span> <span class='ocrx_word' id='word_1_265' title='bbox 797 3779 844 3830; x_wconf 84' lang='lat' dir='ltr'><strong>Cui</strong></span> <span class='ocrx_word' id='word_1_266' title='bbox 855 3797 953 3832; x_wconf 79' lang='lat' dir='ltr'><strong>nomen</strong></span> <span class='ocrx_word' id='word_1_267' title='bbox 963 3791 1000 3833; x_wconf 74' lang='lat' dir='ltr'><strong>est</strong></span> <span class='ocrx_word' id='word_1_268' title='bbox 1011 3778 1183 3838; x_wconf 46' lang='lat' dir='ltr'><strong>Phalacrina-</strong></span> 
     </span>
     <span class='ocr_line' id='line_1_34' title="bbox 160 3854 1186 3930; baseline 0.001 -22"><span class='ocrx_word' id='word_1_269' title='bbox 160 3873 186 3926; x_wconf 83' lang='lat'><strong>9.</strong></span> <span class='ocrx_word' id='word_1_270' title='bbox 211 3854 367 3930; x_wconf 69' lang='lat' dir='ltr'><strong>Spoletium.</strong></span> <span class='ocrx_word' id='word_1_271' title='bbox 388 3857 428 3906; x_wconf 84' lang='lat' dir='ltr'><strong>lta</strong></span> <span class='ocrx_word' id='word_1_272' title='bbox 449 3856 542 3925; x_wconf 83' lang='lat' dir='ltr'><strong>optimi</strong></span> <span class='ocrx_word' id='word_1_273' title='bbox 563 3857 631 3908; x_wconf 88' lang='lat' dir='ltr'><strong>libri.</strong></span> <span class='ocrx_word' id='word_1_274' title='bbox 679 3857 719 3910; x_wconf 77' lang='lat' dir='ltr'><strong>sel</strong></span> <span class='ocrx_word' id='word_1_275' title='bbox 734 3856 872 3910; x_wconf 81' lang='lat' dir='ltr'><strong>Falacrine</strong></span> <span class='ocrx_word' id='word_1_276' title='bbox 886 3873 911 3910; x_wconf 86' lang='lat' dir='ltr'><strong>st</strong></span> <span class='ocrx_word' id='word_1_277' title='bbox 926 3857 1126 3912; x_wconf 63' lang='lat' dir='ltr'><strong>Pirustarum.</strong></span> <span class='ocrx_word' id='word_1_278' title='bbox 1139 3857 1186 3909; x_wconf 88' lang='lat' dir='ltr'><strong>Vi-</strong></span> 
     </span>
     <span class='ocr_line' id='line_1_35' title="bbox 126 3929 1185 4010; baseline 0.003 -26"><span class='ocrx_word' id='word_1_279' title='bbox 126 3929 203 4004; x_wconf 72' lang='lat' dir='ltr'><strong>ang.</strong></span> <span class='ocrx_word' id='word_1_280' title='bbox 211 3931 363 4006; x_wconf 72' lang='lat' dir='ltr'><strong>Spoletum,</strong></span> <span class='ocrx_word' id='word_1_281' title='bbox 371 3955 404 3989; x_wconf 77' lang='lat' dir='ltr'><strong>en</strong></span> <span class='ocrx_word' id='word_1_282' title='bbox 411 3937 504 3988; x_wconf 85' lang='lat' dir='ltr'><strong>seriori</strong></span> <span class='ocrx_word' id='word_1_283' title='bbox 515 3937 633 3989; x_wconf 76' lang='lat' dir='ltr'><strong>scribon·</strong></span> <span class='ocrx_word' id='word_1_284' title='bbox 679 3935 823 3990; x_wconf 80' lang='lat' dir='ltr'><strong>deCluver.</strong></span> <span class='ocrx_word' id='word_1_285' title='bbox 830 3937 890 3990; x_wconf 81' lang='lat' dir='ltr'><strong>itai.</strong></span> <span class='ocrx_word' id='word_1_286' title='bbox 897 3940 959 3991; x_wconf 79' lang='lat' dir='ltr'><strong>Ant.</strong></span> <span class='ocrx_word' id='word_1_287' title='bbox 968 3955 1028 4010; x_wconf 69' lang='lat' dir='ltr'><strong>pap.</strong></span> <span class='ocrx_word' id='word_1_288' title='bbox 1035 3937 1088 4007; x_wconf 84' lang='lat'><strong>687</strong></span> <span class='ocrx_word' id='word_1_289' title='bbox 1097 3937 1185 3997; x_wconf 74' lang='lat' dir='ltr'><strong>3Wes-</strong></span> 
     </span>
     <span class='ocr_line' id='line_1_36' title="bbox 127 4011 1184 4087; baseline 0.004 -23"><span class='ocrx_word' id='word_1_290' title='bbox 127 4011 155 4066; x_wconf 90' lang='lat' dir='ltr'><strong>di</strong></span> <span class='ocrx_word' id='word_1_291' title='bbox 166 4013 369 4066; x_wconf 75' lang='lat' dir='ltr'><strong>consuetudine.</strong></span> <span class='ocrx_word' id='word_1_292' title='bbox 382 4011 447 4066; x_wconf 88' lang='lat' dir='ltr'><strong>Vide</strong></span> <span class='ocrx_word' id='word_1_293' title='bbox 459 4013 563 4066; x_wconf 84' lang='lat' dir='ltr'><strong>Cluver.</strong></span> <span class='ocrx_word' id='word_1_294' title='bbox 573 4015 631 4068; x_wconf 77' lang='lat' dir='ltr'><strong>lul.</strong></span> <span class='ocrx_word' id='word_1_295' title='bbox 678 4015 773 4087; x_wconf 74' lang='lat' dir='ltr'><strong>selinq.</strong></span> <span class='ocrx_word' id='word_1_296' title='bbox 789 4015 824 4069; x_wconf 83' lang='lat' dir='ltr'><strong>ad</strong></span> <span class='ocrx_word' id='word_1_297' title='bbox 835 4019 962 4070; x_wconf 77' lang='lat' dir='ltr'><strong>Antonin.</strong></span> <span class='ocrx_word' id='word_1_298' title='bbox 975 4021 1062 4070; x_wconf 84' lang='lat' dir='ltr'><strong>itiner.</strong></span> <span class='ocrx_word' id='word_1_299' title='bbox 1076 4035 1103 4087; x_wconf 94' lang='lat' dir='ltr'><strong>p.</strong></span> <span class='ocrx_word' id='word_1_300' title='bbox 1117 4017 1184 4086; x_wconf 82' lang='lat'><strong>307;</strong></span> 
     </span>
     <span class='ocr_line' id='line_1_37' title="bbox 128 4089 1205 4166; baseline 0.001 -23"><span class='ocrx_word' id='word_1_301' title='bbox 128 4092 188 4144; x_wconf 76' lang='lat' dir='ltr'><strong>Ant.</strong></span> <span class='ocrx_word' id='word_1_302' title='bbox 199 4111 260 4166; x_wconf 73' lang='lat' dir='ltr'><strong>cup.</strong></span> <span class='ocrx_word' id='word_1_303' title='bbox 271 4093 298 4162; x_wconf 88' lang='grc'><strong>6,</strong></span> <span class='ocrx_word' id='word_1_304' title='bbox 308 4112 369 4165; x_wconf 70' lang='lat' dir='ltr'><strong>pag.</strong></span> <span class='ocrx_word' id='word_1_305' title='bbox 380 4089 480 4160; x_wconf 76' lang='lat' dir='ltr'><strong>63²,et</strong></span> <span class='ocrx_word' id='word_1_306' title='bbox 489 4095 632 4148; x_wconf 79' lang='lat' dir='ltr'><strong>Burmann.</strong></span> <span class='ocrx_word' id='word_1_307' title='bbox 678 4093 774 4148; x_wconf 84' lang='lat' dir='ltr'><strong>Ceiier.</strong></span> <span class='ocrx_word' id='word_1_308' title='bbox 782 4097 878 4166; x_wconf 73' lang='lat' dir='ltr'><strong>Geogr.</strong></span> <span class='ocrx_word' id='word_1_309' title='bbox 887 4095 950 4146; x_wconf 82' lang='lat' dir='ltr'><strong>Ant.</strong></span> <span class='ocrx_word' id='word_1_310' title='bbox 960 4095 997 4154; x_wconf 84' lang='grc' dir='ltr'><strong>ΙΙ,</strong></span> <span class='ocrx_word' id='word_1_311' title='bbox 1008 4111 1039 4163; x_wconf 82' lang='grc'><strong>9,</strong></span> <span class='ocrx_word' id='word_1_312' title='bbox 1048 4111 1110 4165; x_wconf 72' lang='lat' dir='ltr'><strong>pag.</strong></span> <span class='ocrx_word' id='word_1_313' title='bbox 1122 4111 1183 4164; x_wconf 84' lang='lat'><strong>779.</strong></span> <span class='ocrx_word' id='word_1_314' title='bbox 1195 4089 1205 4096; x_wconf 70' lang='grc'><strong><em>’</em></strong></span> 
     </span>
     <span class='ocr_line' id='line_1_38' title="bbox 130 4169 1183 4245; baseline -0.001 -23"><span class='ocrx_word' id='word_1_315' title='bbox 130 4169 247 4224; x_wconf 78' lang='lat' dir='ltr'><strong>adhunc</strong></span> <span class='ocrx_word' id='word_1_316' title='bbox 257 4171 357 4224; x_wconf 81' lang='lat' dir='ltr'><strong>locum.</strong></span> <span class='ocrx_word' id='word_1_317' title='bbox 716 4192 741 4226; x_wconf 74' lang='lat' dir='ltr'><strong>a.</strong></span> <span class='ocrx_word' id='word_1_318' title='bbox 763 4175 792 4244; x_wconf 83' lang='lat' dir='ltr'><strong>Q.</strong></span> <span class='ocrx_word' id='word_1_319' title='bbox 810 4173 957 4245; x_wconf 83' lang='lat' dir='ltr'><strong>Sulpicio...</strong></span> <span class='ocrx_word' id='word_1_320' title='bbox 971 4171 1135 4235; x_wconf 59' lang='lat' dir='ltr'><strong>Conulibm</strong></span> <span class='ocrx_word' id='word_1_321' title='bbox 1151 4175 1183 4222; x_wconf 81' lang='lat' dir='ltr'><strong>A.</strong></span> 
     </span>
     <span class='ocr_line' id='line_1_39' title="bbox 168 4247 1184 4324; baseline 0 -24"><span class='ocrx_word' id='word_1_322' title='bbox 168 4266 208 4302; x_wconf 88' lang='lat' dir='ltr'><strong>ro.</strong></span> <span class='ocrx_word' id='word_1_323' title='bbox 221 4251 305 4304; x_wconf 60' lang='grc' dir='ltr'><strong>Μαι</strong></span> <span class='ocrx_word' id='word_1_324' title='bbox 316 4253 465 4322; x_wconf 83' lang='lat' dir='ltr'><strong>mancipem</strong></span> <span class='ocrx_word' id='word_1_325' title='bbox 479 4247 633 4324; x_wconf 73' lang='lat' dir='ltr'><strong>operirem,</strong></span> <span class='ocrx_word' id='word_1_326' title='bbox 681 4257 712 4306; x_wconf 89' lang='lat' dir='ltr'><strong>U.</strong></span> <span class='ocrx_word' id='word_1_327' title='bbox 722 4253 782 4324; x_wconf 78' lang='lat'><strong>762.</strong></span> <span class='ocrx_word' id='word_1_328' title='bbox 791 4256 925 4323; x_wconf 68' lang='lat' dir='ltr'><strong>Augustus</strong></span> <span class='ocrx_word' id='word_1_329' title='bbox 933 4253 1043 4304; x_wconf 78' lang='lat' dir='ltr'><strong>excessit</strong></span> <span class='ocrx_word' id='word_1_330' title='bbox 1051 4269 1115 4304; x_wconf 74' lang='lat' dir='ltr'><strong>anu.</strong></span> <span class='ocrx_word' id='word_1_331' title='bbox 1123 4252 1184 4323; x_wconf 77' lang='grc'>767.</span> 
     </span>
    </p>
   </div>
   <div class='ocr_carea' id='block_1_8' title="bbox 0 0 1553 5144">
    <p class='ocr_par' dir='ltr' id='par_1_10' title="bbox 0 0 1553 5144">
     <span class='ocr_line' id='line_1_40' title="bbox 0 0 1553 5144; baseline 0 0"><span class='ocrx_word' id='word_1_332' title='bbox 0 0 1553 5144; x_wconf 95' lang='lat' dir='ltr'><strong> </strong></span> 
     </span>
    </p>
   </div>
  </div>
 </body>
</html>
