3048 5142
357 473 422 537 232
730 468 766 530 C.
793 465 1026 532 SUETONII

356 593 632 685 Semianimisque
644 587 755 656 adbuc
766 587 981 682 irrumpentil
991 591 1198 673 Centurioni,
1209 605 1253 676 et,
1265 593 1387 684 paenula

356 705 400 773 ad
409 703 534 772 vulnus
542 703 707 795 apposita,
722 703 757 768 in
769 699 932 767 auxilium
943 725 979 768 se
989 703 1121 768 venisse
1134 701 1313 786 simulanti,
1326 728 1387 773 non

356 812 451 884 aliud
466 810 654 905 respondit,
674 834 779 905 quam
790 813 892 878 «Sero
902 837 931 893 ,n
951 827 1024 892 et,a
1038 813 1118 877 Haec
1137 826 1188 878 est
1204 810 1322 880 fidest·
1338 821 1388 882 tt·

336 967 339 975 ·
358 949 426 1020 que
439 927 476 992 in
493 948 532 991 ea
544 945 628 990 voce
642 919 777 1002 defecit,
802 919 1010 987 exstantibus
1025 903 1278 1016 rigentibusque
1294 922 1389 992 oculis

357 1057 466 1130 usque
476 1033 519 1101 ad
530 1032 703 1100 horrorem
712 1028 1195 1124 formidinemqnevisentium.
1210 1032 1297 1099 Nihil
1306 1037 1390 1126 prins

358 1165 417 1216 aut
433 1151 561 1240 magis⁹
575 1171 595 1214 a
613 1143 791 1213 comitibus
805 1159 976 1234 exegerat,
995 1167 1099 1238 quam
1113 1168 1156 1211 ne
1169 1161 1317 1237 potestas
1330 1147 1391 1214 cni·

358 1280 463 1351 quam
476 1258 593 1348 eapitis
608 1256 661 1322 sui
675 1255 785 1338 fieret;
801 1251 861 1320 sed
875 1269 927 1336 ut,
944 1276 1082 1348 quoquo
1096 1252 1214 1338 modo,
1226 1271 1317 1323 totus
1331 1280 1393 1324 cre

305 1417 313 1431 .
359 1362 521 1434 litaretur.
534 1365 689 1432 Permisit
698 1362 764 1430 boc
778 1361 1049 1444 Icelus¹⁰,Galbae
1058 1361 1285 1445 libertus,non
1296 1365 1395 1432 multo

359 1493 437 1544 ante
451 1475 594 1545 vinculis
607 1473 796 1557 exsolutus,
808 1476 844 1540 in
858 1496 936 1568 quoe
947 1475 1057 1567 primo
1070 1473 1221 1542 tumultu
1232 1473 1396 1568 conjectus

360 1587 482 1678 fuerat.

407 1701 445 1764 L.
472 1702 660 1765 Funeratus
675 1711 726 1764 est
741 1698 894 1788 impensa
910 1695 1134 1764 ducentorum
1147 1697 1305 1779 millium,
1321 1713 1399 1765 stra-

362 1805 452 1901 guIIs
471 1806 555 1874 albis
573 1831 656 1874 auro
674 1809 826 1888 intextis,
848 1804 971 1900 quibus
986 1831 1067 1874 usus
1083 1805 1243 1874 Kalendis
1257 1811 1400 1878 Ianuarii

361 1917 482 1984 fixerat.
495 1916 665 2011 Reliquias
677 1915 798 2008 Ecloge
808 1931 842 1982 et
851 1914 1063 1983 Alexandria¹
1077 1919 1223 1984 nutrices
1235 1941 1315 1984 eum
1326 1923 1401 1985 Acte

362 2030 572 2098 concubina²
584 2028 700 2122 gentili
710 2029 933 2096 Domitiorum
942 2043 1162 2096 monumento
1173 2026 1402 2111 condiderunt,

363 2138 456 2236 qnod
474 2143 711 2234 prospiciture
727 2163 847 2232 campo
866 2141 1004 2223 Martio,
1021 2140 1215 2232 impositum
1233 2139 1312 2206 colli
1329 2139 1401 2207 hor-

363 2267 488 2318 torum.
508 2256 547 2320 In
561 2277 601 2319 eo
615 2267 835 2320 monumento
854 2249 997 2318 solium³
1020 2249 1251 2343 porphyretici
1264 2275 1403 2318 marmo-

364 2363 410 2429 ris
432 2379 643 2454 superstante
661 2366 811 2431 Lunensi
831 2361 923 2444 aral,
948 2365 1211 2456 circumseptum
1230 2379 1281 2430 est
1298 2361 1404 2455 lapide

364 2469 519 2538 Thasio⁵.

412 2586 466 2648 LI.
494 2588 626 2652 Statura
639 2585 703 2651 fuit
718 2607 824 2677 prope
837 2579 941 2676 justa,
956 2608 1098 2678 corpore
1114 2583 1287 2682 maculoso
1302 2602 1337 2652 et
1348 2586 1405 2653 foe·

402 2814 427 2866 8.
449 2811 617 2885 irrumpenti.
636 2812 705 2866 Male
725 2814 769 2866 alii
788 2815 867 2866 intet-
910 2814 975 2865 Plin.
991 2815 1056 2867 Hist.
1070 2817 1131 2867 Nat.
1150 2815 1259 2882 XXXV,
1277 2833 1310 2868 12
1327 2815 1410 2887 (46),

366 2894 507 2966 rumpenti.
914 2919 925 2942 ι
937 2897 999 2966 quin
1010 2909 1034 2947 et
1045 2895 1185 2949 defunctos
1196 2916 1253 2950 sese
1264 2895 1340 2948 multi
1349 2898 1412 2950 licti-

402 2989 428 3040 9.
442 2972 498 3022 Aut
509 2972 597 3045 mapis.
610 2973 648 3022 Ita
659 2972 760 3023 Ernest.
774 2985 801 3022 et
811 2970 867 3022 Ou·
910 2974 979 3027 libus
999 2975 1070 3028 soliis
1087 2975 1166 3028 condi
1188 2975 1322 3042 maluere,
1332 3001 1343 3022 ι
1366 2975 1413 3026 ubi

367 3049 445 3103 dend.
459 3069 490 3103 ex
499 3049 605 3122 optimis
615 3049 699 3102 codd.
713 3070 762 3122 pro
772 3070 803 3103 ac
812 3069 868 3102 ma-
911 3052 1039 3105 Harduin.
1053 3083 1088 3094 -
1101 3055 1285 3126 Porpltyretlci
1299 3073 1412 3106 manno-

364 3131 412 3202 pis.
425 3129 493 3182 Illud
506 3131 586 3181 etiam
596 3131 724 3182 Latinius.
912 3135 953 3184 ris.
966 3131 1031 3184 Plin.
1044 3133 1166 3198 XXXVI,
1182 3151 1196 3203 7
1209 3133 1289 3204 (tt),
1303 3154 1315 3179 ι
1327 3132 1413 3186 Rnbet

412 3226 452 3261 to.
476 3209 568 3262 Icelus.
592 3206 658 3260 Vide
679 3211 766 3275 infra,
790 3207 866 3260 Galb.
909 3211 1075 3282 porphyrites
1095 3214 1123 3263 in
1146 3211 1239 3264 eadem
1263 3213 1410 3283 AEgypto.·

369 3305 428 3359 cap.
449 3289 488 3354 14.
723 3357 724 3360 Ἴ
911 3289 951 3341 cf.
972 3289 1106 3361 lamprid.
1126 3289 1263 3362 Heliogab.
1284 3309 1342 3362 cap.
1363 3290 1414 3358 24;

401 3369 430 3419 L.
450 3386 471 3419 1.
485 3367 654 3419 Alexandria.
666 3367 770 3438 lipsius
784 3368 867 3420 coni-
911 3371 1070 3441 Vopiscum,
1084 3371 1162 3422 Prob.
1178 3389 1238 3443 cap.
1258 3389 1286 3433 ²3
1298 3372 1414 3444 Capitol.

366 3447 446 3520 gebat
458 3447 618 3499 Alexandra.
912 3452 1010 3504 Anton.
1026 3471 1084 3522 cap.
1102 3467 1141 3503 tt.

405 3545 429 3580 2.
450 3531 514 3580 Cum
527 3527 591 3577 Acte
602 3527 755 3578 concubina.
765 3527 832 3579 Vide
844 3547 867 3579 c.
949 3530 975 3596 4.
999 3531 1115 3584 Lunensi
1135 3550 1196 3594 τινας
1218 3529 1375 3602 sepulcrali,
1401 3552 1417 3583 e

369 3608 411 3660 28.
420 3607 482 3656 Mox
490 3603 610 3675 plerique
618 3605 697 3669 colle,
710 3603 806 3674 aliique
815 3605 871 3656 lior»
913 3627 1042 3660 marmore
1061 3611 1189 3675 Lunensi,
1205 3609 1275 3661 dicto
1292 3629 1308 3661 a
1322 3611 1417 3678 Luna,

368 3685 491 3738 tulorttm.
504 3687 653 3756 Utrumque
668 3683 751 3736 edidit
762 3685 869 3737 Oudeu·
913 3689 1021 3739 Etruriae
1032 3689 1106 3740 urbe.
1121 3689 1188 3741 Vide
1200 3689 1321 3740 Strabon.
1334 3690 1365 3754 V,
1383 3709 1418 3756 2,

367 3765 485 3835 dorpius.
916 3767 944 3830 53
957 3767 1021 3818 Plin.
1033 3769 1097 3818 Hist.
1112 3767 1172 3818 Nat.
1182 3769 1308 3834 XXXVI,
1321 3767 1373 3819 Set
1384 3769 1418 3833 6;

333 3896 337 3902 ,
403 3845 428 3896 3.
441 3841 557 3904 Solium
566 3837 662 3906 πύελος,
673 3841 870 3913 receptaculum
914 3847 1003 3900 Silium
1016 3845 1072 3898 Ital.
1082 3849 1153 3912 VIII,
1167 3847 1226 3912 482.

368 3921 547 3994 reliquiarum.
561 3920 633 3970 curt.
646 3921 683 3987 X,
699 3938 743 3986 ro,
757 3939 787 3990 91,
803 3920 867 3972 «Se-
950 3927 973 3978 5.
983 3926 1080 3998 lapide
1087 3924 1268 3986 ΤΙιαεὶοςΡΙίυ.
1278 3927 1343 3977 Hist.
1351 3925 1377 3974 N
1379 3941 1417 3977 at.

367 4006 465 4075 ptimus
483 4003 539 4056 dics
558 4019 632 4069 erat,
650 4021 681 4054 ex
701 4021 755 4073 quo
770 4020 867 4073 corpus
911 4007 1035 4069 XXXVI,
1059 4004 1074 4058 5
1093 4004 1156 4076 (6),
1181 4025 1216 4056 ue
1237 4003 1338 4071 Thaso,
1359 4023 1418 4056 una

367 4089 435 4155 regis
453 4083 560 4153 jacebat
578 4085 606 4136 in
621 4082 717 4136 solio.»
735 4083 776 4135 Cf.
796 4084 865 4135 Flor.
911 4083 1054 4158 Cycladum
1071 4084 1247 4137 insul-trumo
1264 4083 1305 4135 cf.
1319 4085 1419 4138 Senes.

364 4166 412 4230 IV,
428 4183 469 4234 rr,
481 4183 489 4216 t
499 4184 521 4232 t,
530 4164 828 4232 ubivtder'retnshem,
841 4177 867 4216 et
911 4164 993 4235 Epist.
1007 4162 1145 4214 LXXXVI.
