3068 5144
344 493 349 499 ’·
402 473 467 540 352
776 478 812 541 C.
836 476 1070 544 SUETONll

399 602 601 696 coutra‚qui
611 597 863 694 opinentur‚ad
874 600 1051 670 manubias
1061 618 1095 671 et
1106 605 1240 695 rapinas
1252 609 1445 674 necessitate
1520 593 1523 682 l

399 711 631 806 compulsum,
644 735 776 780 summa
788 715 896 780 oerarii
907 713 1049 808 fiscique
1060 713 1193 807 inopia4
1204 741 1211 781 :
1224 714 1268 782 de
1280 740 1350 811 qua
1359 721 1445 784 testi·

399 825 517 892 ficatus
534 826 576 892 sit
590 825 683 891 initio
698 825 808 890 stetim
825 825 1048 916 principatus,
1061 826 1249 918 professus,
1269 857 1284 888 e
1294 828 1446 922 quadrin-

399 937 528 1026 genties
545 933 685 1002 millies⁵
700 959 787 1026 opus
806 957 898 1018 esse,
917 950 956 1001 ut
973 934 1175 1029 Respublica
1192 954 1281 1005 stnre
1297 953 1441 1030 posset·

398 1044 498 1135 Quod
508 1061 543 1112 et
552 1043 916 1130 verisimiliusvidetur,
925 1044 1061 1142 quando
1071 1062 1106 1114 et
1114 1047 1201 1115 male
1211 1050 1317 1140 pertis
1326 1050 1445 1142 optime

399 1181 483 1227 usus
497 1173 558 1226 est.

445 1272 550 1338 XVll.
577 1265 1446 1361 lnomnehominumgenusliberalissimus¹‚exple·

400 1383 447 1448 vit
457 1403 596 1450 censum
613 1383 853 1448 Senatorum²z
869 1377 1062 1446 consulares
1077 1380 1195 1474 inopes
1208 1382 1388 1482 quingenis
1399 1405 1445 1448 se·

399 1492 522 1560 stertiis
542 1491 663 1556 annuis
684 1491 911 1556 sustentavit:
934 1487 1098 1581 plurimas
1121 1514 1183 1581 per
1201 1504 1313 1558 totum
1334 1487 1445 1558 orbem

399 1604 568 1680 civitates,
588 1615 687 1666 terroe
707 1613 802 1666 motu
823 1613 882 1664 aut
899 1595 1056 1666 incendio
1074 1596 1234 1680 afflictas,
1253 1601 1445 1666 restituitin

400 1712 530 1782 melius.

446 1827 568 1892 XVlll.
595 1825 734 1915 Ingenia
752 1837 891 1902 etentes
912 1821 967 1890 vel
987 1824 1132 1891 maxime
1149 1823 1233 1890 fovit
1255 1849 1263 1889 z
1286 1825 1445 1917 primuse

320 1973 321 1978 κ
400 1932 481 2002 fisco
494 1934 622 2001 Latinis
634 1935 828 2026 Graecisque
842 1931 1031 2000 rhetoribus
1045 1957 1158 2000 annua
1172 1949 1316 2000 centena
1328 1933 1446 2002 onusti·

401 2046 480 2113 tuit:
495 2059 693 2138 praestuntes
708 2057 841 2136 poetas,
856 2067 1003 2112 necnon
1019 2059 1053 2110 et
1065 2042 1226 2126 artifices,
1242 2046 1320 2111 Coae
1334 2048 1446 2110 ¹Vene

436 2267 461 2334 4.
475 2267 584 2320 Summa
593 2263 794 2339 oeran'ifiscique
803 2266 901 2338 inopia.
984 2285 1009 2319 α.
1031 2265 1155 2340 Expleuit
1167 2283 1272 2318 censum
1289 2264 1444 2318 Senotensis.

400 2345 466 2395 Vide
478 2343 577 2416 Xiphil.
590 2345 683 2409 LXVI,
700 2361 739 2395 ro.
753 2343 843 2396 Aurel.
856 2345 903 2395 vi·
946 2349 984 2398 lte
1000 2344 1129 2399 edidimus
1141 2363 1202 2397 cum
1214 2342 1389 2414 Oudendorp.
1400 2359 1445 2413 pro

401 2437 468 2490 otor,
478 2425 550 2496 Epit.
562 2442 592 2494 9,
605 2437 630 2474 et
641 2425 704 2476 Cres.
714 2441 745 2494 9,
760 2424 902 2476 :Infirmus
946 2425 1119 2478 Senatorium.
1131 2426 1170 2476 lle
1182 2442 1210 2477 re
1223 2423 1282 2476 vide
1294 2421 1329 2475 ed
1340 2423 1444 2492 August.

399 2517 505 2569 tamen,
521 2504 560 2553 uti
575 2501 682 2573 quidem
695 2519 776 2573 preve
792 2512 903 2572 putant,
949 2522 1008 2576 cap,
1021 2503 1065 2570 4¹·

306 2609 309 2617 ,
401 2580 904 2650 adversuspecunium‚quumsntiscon·
984 2581 1445 2653 XVIll.1.CoaeVeneris.ang.·et

401 2673 466 2726 stet,
478 2660 562 2711 {erarii
573 2657 663 2729 inopie
675 2671 701 2709 et
712 2655 786 2709 elude
797 2657 902 2708 urbium
947 2663 1059 2716 artifices
1073 2665 1180 2731 coetnt't,
1197 2663 1273 2730 item,
1290 2674 1362 2714 etc..
1380 2661 1445 2731 Lipe

401 2737 903 2809 noreseumneqnepostenhabitesve·
947 2743 1105 2813 conjiciebat
1125 2741 1259 2795 «artifices
1277 2757 1392 2808 mene„
1407 2737 1445 2790 vel

400 2819 536 2890 ctigalium
547 2821 689 2889 pensiones
702 2818 900 2887 exquisivisse.»
950 2821 1084 2874 «artifices
1103 2823 1221 2874 comicos.
1231 2844 1243 2868 ι
1265 2823 1352 2889 Quam
1369 2817 1446 2872 edidi·

437 2900 462 2952 5.
487 2897 702 2970 Quadrinqenties
723 2894 833 2962 millies,
852 2909 904 2948 etc.
942 2917 1021 2967 mnu,
1034 2899 1151 2952 Gravius
1165 2899 1277 2970 protulit
1289 2897 1446 2953 emendatio·

401 2979 543 3032 correxere
564 2976 730 3051 quadragies,
752 2973 855 3028 divitius
878 2987 906 3028 et
948 2997 1009 3030 nem
1035 2996 1049 3031 e
1076 2994 1203 3050 corrupto
1228 2977 1360 3031 vocabulo
1384 2971 1444 3027 cod.

401 3053 533 3130 impensus
553 3057 733 3107 Romanorum
755 3073 787 3107 ex
808 3056 905 3108 nostris
948 3057 1056 3112 Merum.
1068 3059 1227 3124 coemens,
1237 3058 1280 3112 vel
1294 3055 1446 3117 coenenert't,

402 3136 567 3208 temporibus
583 3137 711 3188 aetimare
730 3134 809 3187 soliti.
828 3135 904 3187 Certe
948 3139 1335 3211 enquecommendeturqnurn
1344 3135 1446 3190 mirsin-

401 3237 455 3272 non
467 3220 538 3270 lavet
548 3218 623 3270 lodus
632 3217 715 3267 Tucit.
726 3215 793 3267 unt.
804 3217 848 3280 Ν,
860 3215 904 3285 47,
949 3219 1290 3288 ventosissagscitate‚tum
1298 3217 1360 3270 loeo
1367 3215 1444 3278 Plinii,

405 3299 547 3350 eCeterrrm
559 3314 656 3348 verene
668 3297 808 3366 pauperie,
821 3312 855 3346 nn
866 3297 905 3347 uti
948 3296 981 3346 H.
995 3297 1029 3348 N.
1045 3297 1170 3362 XXXVI,
1186 3295 1201 3348 5
1215 3296 1322 3366 (Franz.
1336 3295 1366 3364 4,
1379 3294 1392 3367 §
1405 3292 1445 3364 Β),

402 3375 544 3442 rideretur,
554 3389 642 3427 ectum
651 3375 679 3425 in
689 3373 802 3436 senam,
812 3385 842 3425 ut
849 3392 905 3427 sex·
951 3396 963 3420 ι
973 3377 1112 3446 lgnorstur
1120 3378 1212 3428 artifex
1221 3379 1279 3448 ejus
1289 3393 1395 3450 quoqne
1403 3376 1447 3424 Ve-

402 3459 496 3509 centt'es
513 3457 664 3509 Sestertium
682 3472 698 3506 n
718 3456 826 3525 privatis
845 3473 905 3506 mu·
948 3455 1446 3526 neris,quamvespasinnuslmperstor

402 3549 476 3588 tunm
488 3535 660 3605 acciperetur.
672 3557 683 3580 ι
948 3533 975 3584 in
988 3533 1113 3604 operibus
1127 3537 1201 3586 Pacis
1212 3553 1266 3586 suae
1280 3533 1392 3596 dicauit,
1403 3549 1447 3582 au·

438 3611 906 3685 xvn.1.1nomnetominum9enm
947 3614 1084 3683 tiquorum
1102 3613 1209 3685 dignam
1226 3615 1332 3667 ferne.-
1355 3609 1446 3684 Apellis

403 3693 602 3747 liberalisst'mrn.
622 3692 699 3744 Haud
720 3693 821 3764 placuit
843 3711 905 3745 curn
949 3693 1019 3742 enirn
1029 3692 1159 3744 Venerem
1170 3694 1251 3744 Coem
1260 3730 1269 3759 ‚
1278 3692 1312 3745 de
1322 3711 1375 3764 qun
1385 3689 1444 3740 l'lin.

403 3773 512 3826 Snlmes.
520 3771 781 3843 ollisqueliaecverba
789 3775 906 3844 superio·
949 3769 1056 3838 XXXV,
1071 3787 1103 3822 ro
1114 3771 1163 3844 (9,
1175 3770 1188 3844 §
1204 3772 1264 3844 15),
1276 3772 1385 3842 intelligi
1396 3785 1446 3820 non

403 3855 426 3905 ri
437 3873 496 3925 esp.
510 3864 665 3918 annectere,
677 3869 828 3924 novumque
839 3854 906 3905 inci·
949 3867 1040 3921 posse,
1055 3852 1117 3904 setis
1129 3851 1245 3904 ostendit
1256 3851 1380 3904 Oudend.
1393 3851 1446 3902 Su·

402 3949 467 4004 pere
479 3929 512 3983 ab
522 3930 659 4001 Exprimit,
671 3942 722 3981 etc.
735 3949 815 4001 quum
828 3949 905 3982 omne
951 3941 995 3980 tun
1003 3931 1082 4000 igitur
1093 3931 1143 3982 luit
1157 3931 1281 3997 Veneris,
1291 3931 1447 4002 irequejnn·

400 4029 482 4084 porus
496 4011 631 4062 hominum
644 4009 761 4079 proxime
776 4027 906 4061 memore·
949 4006 1034 4076 peuda
1050 4008 1108 4062 Cooe
1124 4009 1268 4063 Veneris...
1286 3998 1444 4080 refectorem,

404 4101 456 4152 tur,
467 4089 603 4159 morisque
612 4086 645 4138 sit
654 4086 767 4150 Nostro,
778 4085 905 4139 universae
949 4087 1022 4159 quod
1035 4101 1108 4160 petet
1120 4091 1201 4142 etiam
1214 4107 1245 4142 ex
1258 4090 1358 4142 inserts
1370 4085 1446 4159 parti·

403 4162 903 4236 sententiaesingulaexemplesnliJicere.
949 4167 1008 4218 cula
1021 4168 1091 4220 item.
1104 4168 1233 4223 Eumdern
1243 4183 1331 4221 eutem
1344 4166 1445 4220 Venerit
