3076 5146
411 515 477 594 480
817 509 1047 577 noussen

408 637 585 692 credebantur
597 651 624 690 et
637 637 764 698 illustrari
777 635 947 708 suscipiendo
961 635 1109 692 consulatu.
1127 640 1189 692 Nou
1205 655 1269 710 ergo
1282 637 1367 692 fefellit
1379 639 1432 694 Sue-

410 722 510 772 touium
521 719 649 802 memorie
659 720 687 771 in
698 717 745 776 illo
756 715 861 770 Claudii
871 718 943 770 loeo.

682 1104 1171 1223 excursustrv

612 1366 680 1435 Ao
709 1364 1046 1451 CALIGULAM,
1073 1366 1158 1437 cer.
1193 1387 1247 1464 ¹7·

408 1837 461 1922 Ex
475 1867 595 1922 onroibus
607 1867 669 1920 duos
685 1867 834 1921 novissimos
846 1868 992 1939 conjunxit.
1008 1867 1129 1920 Difficilis
1144 1867 1237 1936 locus,
1256 1868 1375 1941 quioquid
1387 1883 1431 1922 stt·

407 1964 481 2018 tues,
495 1968 554 2001 oum
567 1948 672 2000 Petavio
686 1958 711 1998 et
723 1948 819 2030 Pugio²
833 1945 973 2018 legendum
986 1957 1047 2013 tres,
1060 1959 1086 1998 et
1100 1945 1212 1999 alterum
1224 1947 1381 2000 consulatum
1391 1967 1432 2020 po-

406 2030 524 2084 nendum
534 2031 561 2081 in
573 2030 604 2079 A.
617 2031 650 2081 U.
663 2027 813 2091 nccxcss,
827 2039 858 2077 ut
868 2028 966 2099 privati
977 2027 1074 2078 luerint
1084 2027 1212 2080 Consules
1223 2028 1256 2079 A.
1268 2031 1301 2080 U.
1310 2027 1431 2080 nucum

406 2114 460 2164 sire
476 2109 611 2180 vulgatum
631 2125 732 2171 serves,
750 2119 776 2157 et
792 2105 905 2158 alterum
920 2104 1088 2158 consulatum
1105 2106 1206 2160 tribuas
1221 2108 1253 2158 A.
1270 2109 1302 2159 ll.
1316 2105 1430 2159 DOCXCl.
1510 2139 1511 2142 =

405 2193 473 2244 Nem
485 2189 533 2241 bes
544 2201 630 2259 partes
642 2187 665 2239 si
678 2203 803 2257 sequere,
820 2187 899 2238 etiem
913 2185 968 2238 duo
984 2187 1062 2257 primi
1078 2189 1214 2256 conjuncti
1230 2199 1305 2255 suut,
1322 2185 1432 2258 quicquid

326 2305 329 2316 .
403 2269 559 2321 Torrentius
574 2265 660 2331 dicat,
680 2264 801 2330 honest,
820 2262 926 2317 duobus
940 2265 1074 2316 continuis
1089 2266 1164 2318 anuis
1182 2267 1258 2336 gesti.
1276 2265 1321 2318 Sin
1338 2276 1432 2337 sequere

403 2349 528 2416 Pogium,
543 2345 671 2398 Latinitas
685 2355 711 2394 et
726 2360 818 2396 sensus
833 2362 888 2395 non
903 2343 1008 2394 videtur
1022 2345 1095 2415 pnti:
1107 2363 1138 2395 ex
1149 2345 1268 2397 omnibrn
1282 2343 1323 2413 (h.
1340 2363 1361 2396 e.
1376 2359 1432 2415 qun·

404 2426 480 2498 tuor)
493 2424 683 2489 consulatibus,
699 2436 747 2476 tres
757 2423 895 2494 (tantume
911 2441 972 2475 nam
986 2421 1014 2473 id
1025 2422 1103 2494 jubet
1114 2421 1260 2494 intelligere
1274 2419 1302 2476 ri
1315 2422 1432 2493 omuibus)

404 2507 553 2560 nouissimos
562 2504 706 2577 conjunxit.
716 2505 830 2556 Dixisset
840 2505 918 2555 etiarn
931 2504 1043 2556 fortasse
1053 2506 1217 2576 posteriores,
1229 2522 1284 2555 non
1294 2505 1431 2557 novissim.

403 2585 491 2657 Atque
502 2583 553 2635 boc
565 2582 669 2634 videtur
679 2583 737 2653 ipse
748 2594 810 2654 post
821 2583 935 2634 sensisse
948 2583 1050 2651 Papius.
1063 2583 1131 2632 Nom
1143 2600 1225 2653 quum
1234 2584 1262 2633 iu
1274 2584 1375 2634 Dissert.
1386 2583 1432 2653 lly-

403 2667 492 2734 petitu
504 2665 541 2714 sio
555 2662 645 2714 locum
657 2663 843 2732 proposuerit:
858 2680 889 2713 ex
901 2661 1018 2713 omnibus
1032 2671 1079 2714 tres
1093 2662 1242 2716 nuuinimos
1253 2662 1396 2736 conjunxit:
1409 2664 1431 2712 in

402 2743 466 2796 crit.
483 2746 578 2795 Baton.
593 2741 629 2792 utl
641 2742 674 2792 A.
689 2744 721 2792 U.
737 2741 875 2792 Dccxutt
892 2739 974 2792 dicit:
991 2743 1126 2792 Norisium
1143 2742 1170 2792 in
1183 2743 1302 2814 Epistola
1316 2741 1431 2794 consulari

402 2823 532 2894 probasse
541 2840 616 2874 suum
627 2819 853 2873 emendationem:
864 2839 896 2872 ex
905 2821 1022 2872 omnibus
1033 2831 1081 2874 tm
1090 2819 1235 2874 ordinarios
1243 2823 1379 2895 conjunxit.
1389 2818 1432 2872 sed

290 2901 294 2910 ’
401 2906 439 2957 ita
453 2917 542 2956 munet
554 2900 695 2954 difficultas
708 2903 736 2953 in
747 2902 827 2954 verbo
840 2902 973 2954 omnibus.-
986 2901 1083 2954 deiude
1093 2903 1191 2954 frustra
1204 2901 1309 2954 additur
1322 2913 1381 2966 tres,
1393 2903 1431 2972 qui

401 3003 528 3038 numerus
538 3003 586 3056 per
597 3002 626 3036 se
636 2981 799 3052 intelligitur,
812 2984 834 3034 si
846 2980 994 3035 ordinarint
1005 2985 1107 3054 primus
1117 2985 1145 3034 in
1156 2985 1188 3035 Δ.
1201 2985 1233 3035 U.
1248 2981 1380 3035 nccxcll
1389 2981 1431 3033 illi-

400 3081 492 3138 gntur:
510 3064 641 3136 denique,
658 3082 708 3134 pro
720 3063 783 3116 duos
797 3064 945 3117 novissimos
959 3062 1047 3136 legere
1059 3074 1107 3116 tres
1119 3064 1275 3126 ordinarios,
1290 3077 1329 3116 est
1339 3065 1386 3114 vim
1397 3063 1431 3114 le·

401 3166 469 3200 oere.
483 3148 576 3218 ltaque
588 3143 711 3216 proclivis
723 3161 782 3195 sum
792 3145 819 3195 in
831 3142 900 3196 bano
912 3145 1084 3211 senteutiam,
1096 3157 1127 3195 ut
1139 3143 1281 3213 legendum
1294 3157 1393 3216 putem:
1405 3159 1431 3194 et

401 3228 538 3281 ordinariis
548 3227 611 3279 duos
622 3225 770 3277 nouissimos
777 3225 919 3296 conjunxit.
932 3226 970 3277 ltu
982 3227 1100 3277 Penvinii
1111 3224 1176 3276 ordo
1187 3225 1334 3277 Consulum
1343 3236 1430 3288 menet,

399 3307 527 3358 Latinitas
539 3318 610 3357 recte
622 3322 649 3356 se
665 3302 760 3371 babet,
777 3317 803 3354 et
819 3304 882 3356 fecit
897 3303 1039 3356 Suetonius
1052 3303 1095 3370 id,
1114 3303 1188 3375 quod
1204 3306 1368 3358 burmannus
1379 3319 1429 3356 eun

400 3384 488 3437 lacere
500 3383 624 3436 debuisse
637 3380 714 3450 dicit,
727 3395 757 3433 ut
766 3381 921 3435 consulatus
931 3382 986 3435 Caii
999 3382 1145 3435 distinxerit
1154 3386 1181 3435 in
1193 3402 1279 3435 unum
1291 3385 1430 3446 suffectum,

400 3474 426 3514 et
437 3475 491 3514 tres
503 3461 658 3513 ordinarios.
671 3459 823 3512 Ordinart'ur
831 3459 977 3513 consulatus
988 3476 1027 3513 est
1037 3460 1113 3514 Gelb.
1125 3479 1185 3533 cap.
1195 3461 1227 3528 6,
1238 3462 1335 3513 Domit.
1345 3480 1396 3532 cap.
1408 3477 1429 3510 u.

399 3541 504 3612 Quodsi
515 3560 576 3593 oum
587 3539 696 3612 Pighio,
711 3541 805 3610 Pugio,
821 3540 932 3613 aliisque
946 3545 1086 3594 Fastorum
1099 3542 1335 3595 concinnatoribus
1346 3554 1369 3594 et
1379 3558 1430 3592 cor·
1506 3597 1507 3600 Ἴ

399 3621 545 3675 rectoribus
556 3621 700 3674 secundum
712 3617 898 3689 consulatum,
910 3637 1018 3694 propter
1030 3625 1123 3677 Dionis
1135 3636 1162 3675 et
1173 3625 1341 3697 antiquorum
1353 3625 1429 3674 Festo·
1506 3677 1507 3684 χ

400 3721 456 3754 rum
470 3705 666 3767 auctoritatem,
681 3698 764 3773 illiges
778 3703 810 3754 A.
827 3706 860 3755 U.
873 3701 1025 3771 DCCXCII,
1040 3702 1120 3776 idque
1135 3717 1239 3756 rectum
1255 3722 1312 3757 este
1325 3714 1432 3766 constet,

399 3778 489 3832 malim
500 3779 655 3832 Suetonium
666 3779 771 3850 lapsum
783 3778 906 3849 credere,
924 3799 985 3834 oum
996 3784 1118 3850 Patauio,
1129 3783 1220 3834 Doctr.
1237 3784 1328 3854 Temp.
1344 3782 1384 3833 lib.
1395 3781 1428 3842 X,

399 3879 457 3932 cup.
469 3863 499 3927 8,
511 3859 583 3933 quod
595 3860 651 3913 lieri
662 3863 765 3932 potuit,
781 3879 860 3934 quam
872 3861 986 3934 aliquem
995 3883 1102 3918 tensum
1116 3862 1268 3932 admittere,
1282 3883 1360 3932 quem
1369 3861 1429 3915 lnti-

399 3943 467 3994 oitus
479 3961 534 3994 non
546 3943 671 4013 potiatur.
