3054 5152
388 515 394 526 ’
501 515 750 580 cosumus.
1084 475 1156 588 125‘

16 627 18 702 l
101 659 204 734 patre.
221 647 312 710 Cum
325 658 466 737 utraque
478 638 658 709 divortium
671 642 768 708 fecit:
783 638 842 707 sed
861 664 938 708 cmn
954 647 1086 725 Patina,
1106 671 1146 714 ex

101 750 231 819 levibus
250 753 409 837 offensis3
428 776 506 820 cum
524 749 753 844 Urgulanilla,
774 750 817 818 ob
836 749 1010 820 libidinum
1025 756 1147 847 probra

101 877 133 926 et
141 861 317 930 homicidii
328 864 564 955 suspicionem.
577 867 655 930 Post
666 861 725 929 has
738 860 905 928 Valeriam
916 863 1146 946 Messalinam,

102 973 233 1041 barbati
244 973 615 1056 Messalae,consobrini
627 971 1147 1054 sui,liliam⁵,inmatrimonium

100 1089 240 1177 accepit.
264 1091 374 1172 Quam
394 1111 499 1180 quum
519 1087 754 1178 comperisset,
776 1109 878 1178 super
895 1102 1005 1154 cetera
1022 1085 1147 1180 flagitia

101 1210 201 1288 atque
216 1193 421 1276 dedecora⁶,
439 1199 475 1262 C.
494 1194 571 1263 Silio
585 1197 685 1262 etiam
701 1197 871 1286 nupsisse,
890 1193 968 1262 dote
982 1199 1069 1263 inter
1084 1203 1147 1264 Au·
1211 1255 1219 1266 .

101 1307 208 1396 spices
220 1307 435 1398 consignata,
451 1305 616 1398 supplicio
627 1305 773 1388 affecit⁷;
789 1303 1065 1400 confirmavitque
1083 1330 1145 1399 pro

15 1430 17 1482 t
101 1414 264 1480 concione
278 1410 368 1505 apud
388 1417 620 1506 praetorianos,
640 1415 837 1496 «Quatenus
856 1412 918 1480 sibi
936 1416 1146 1484 matrimonia

103 1523 186 1592 male
201 1523 380 1605 cederent,
395 1547 657 1616 permansurum,
666 1545 702 1589 se
715 1524 749 1588 in
761 1521 933 1590 coelibatu:
947 1546 986 1590 ac
998 1527 1061 1592 nisi
1072 1550 1144 1618 per-

15 1717 16 1724 ,
102 1637 298 1716 mansisset,
315 1658 384 1702 non
395 1649 627 1702 recusaturum
640 1631 775 1700 confodi
787 1632 941 1699 manibus
952 1634 1113 1725 ipsorum.
1128 1667 1140 1694 υ

102 1749 167 1812 Nec
184 1743 314 1812 durare
331 1744 467 1826 valuit⁸,
487 1747 569 1839 quin
587 1742 629 1810 de
644 1741 888 1812 conditionibus
904 1745 1064 1812 continuo
1080 1762 1145 1812 tra-

15 1877 16 1888 .
103 1871 228 1934 ctaret,
254 1857 356 1923 etiam
379 1854 421 1922 de
443 1857 587 1937 Petinae,
609 1878 710 1947 quam
733 1851 814 1922 olim
837 1870 1011 1943 exegerat,
1036 1852 1145 1949 deque

105 2065 264 2131 Tuberonis,
293 2067 416 2120 Consulis
440 2085 502 2118 ann.
530 2065 602 2136 743,
648 2065 1010 2134 causa,convenisse,atque
1021 2062 1091 2114 illam
1102 2083 1146 2114 au-

15 2175 17 2230 ι
104 2143 180 2197 filiam
195 2148 349 2199 existimem.
648 2144 717 2195 disse
728 2143 868 2213 Auspicium
881 2143 967 2209 verba,
980 2141 1094 2207 subisse,
1104 2161 1146 2194 sa-

138 2227 161 2280 5.
186 2227 295 2278 Barbati
310 2224 442 2292 Messalae,
461 2225 603 2278 consobrini
647 2221 776 2276 crificusse
792 2221 864 2293 apud
878 2223 967 2283 Deos;
985 2218 1144 2273 discubitum

104 2303 156 2370 ssi,
164 2303 267 2376 filiam.
282 2307 389 2358 Diversa
403 2303 472 2356 ltanc
486 2303 603 2354 Messala
648 2299 1144 2372 interconvivas30scnla,complerus;

107 2397 131 2434 et
146 2384 250 2438 Claudii
266 2386 450 2454 cognationem
468 2381 604 2434 deducunt
648 2394 752 2434 noctem
781 2379 894 2453 denique
921 2392 1007 2432 actam
1039 2381 1143 2432 licentia

105 2464 172 2535 lips.
188 2463 224 2516 ad
242 2467 327 2517 Tacit.
346 2467 400 2528 Xl,
419 2463 468 2534 37,
488 2464 602 2514 Perizon.
648 2459 797 2532 conjugali,
813 2473 885 2512 etc·
902 2457 981 2527 (ann.
994 2457 1070 2528 θοι).

14 2579 15 2604 ζ
108 2545 185 2614 Epist.
202 2545 238 2595 ad
254 2545 314 2596 Nic.
331 2545 465 2596 Heinsium
478 2540 603 2610 (Collect.
684 2557 708 2609 7.
735 2536 870 2610 Supplieio
889 2537 990 2609 affecit.
1010 2538 1146 2590 Translixa

14 2613 15 2672 l
110 2623 192 2674 Burin.
207 2637 274 2674 tom.
290 2625 335 2688 lV,
349 2641 376 2693 p.
388 2621 471 2690 801),
485 2633 510 2672 et
524 2618 604 2691 llyclr.
649 2633 687 2672 est
698 2619 874 2670 aTribunoin
881 2615 965 2668 hortis
972 2615 1147 2682 Lucullianis,

14 2695 16 2732 l
108 2701 139 2752 ad
158 2703 244 2754 Tacit.
268 2702 286 2754 l.
309 2722 331 2754 c.
354 2720 466 2774 quornm
490 2687 605 2752 rationes¹
650 2717 703 2776 qno
717 2700 828 2770 lugeret.
840 2695 907 2749 Vide
918 2697 1001 2748 Tacit.
1015 2695 1033 2749 l.
1048 2716 1071 2749 e.
1088 2716 1146 2769 cap.

14 2793 16 2826 t
110 2781 282 2833 transcribere
294 2781 398 2853 longius
412 2782 490 2832 for‘et.
507 2782 555 2831 llic
567 2781 603 2832 M.
649 2777 683 2845 37
696 2790 722 2828 et
733 2778 777 2829 38.

14 2869 15 2924 j
110 2859 225 2911 Valerius
239 2859 354 2912 Messala
366 2857 492 2910 Barbatus
506 2857 605 2910 Consul
685 2857 710 2910 8.
722 2858 778 2909 Nec
789 2856 880 2907 durare
891 2852 988 2918 valuit,
1000 2865 1050 2904 etc.
1061 2854 1146 2905 Tacit.

14 2933 16 2998 l
111 2939 192 2992 fuerat
209 2960 271 2992 cum
294 2943 320 2991 P.
340 2937 457 3010 Sulpicio
475 2938 606 3004 Quirino,
650 2938 713 3003 XII,
724 2953 732 2986 t
744 2957 751 2986 ι
763 2958 774 2981 ι
784 2935 859 2988 cede
869 2935 1014 2987 Messalinae
1024 2935 1148 2987 convulsa

112 3037 166 3069 ann.
181 3020 240 3088 7⁴²·
256 3018 323 3070 Vide
335 3016 479 3089 Glandorp.
494 3037 519 3088 p.
534 3015 594 3087 867.
651 3017 776 3085 Principis
790 3013 899 3079 domus,
913 3025 972 3064 orto
984 3013 1056 3083 apud
1067 3013 1148 3065 liber-

144 3100 168 3150 6.
196 3100 284 3170 Super
303 3109 384 3149 cetera
399 3096 508 3172 flagitia
528 3105 607 3166 atque
652 3110 692 3149 tos
707 3097 862 3159 certamine,
878 3094 936 3162 quis
949 3090 1073 3160 deligeret
1085 3112 1148 3145 uxo-

112 3178 236 3232 dedecora.
252 3179 294 3230 cf.
311 3179 378 3243 Dio,
392 3177 451 3240 LX,
468 3176 508 3228 ¹8.
525 3205 561 3215 -
580 3177 606 3227 C.
652 3194 706 3226 rem
719 3172 846 3235 Claudio,
862 3169 958 3222 celibis
976 3173 1034 3222 uitoe
1052 3173 1149 3224 intole-

14 3269 15 3292 l
114 3259 173 3312 Silio
185 3261 266 3312 etiarn
279 3258 400 3329 nupsisse.
412 3255 479 3308 Vide
492 3257 569 3308 Dion.
584 3275 606 3307 c.
651 3256 734 3318 tanti,
746 3267 772 3304 et
784 3252 928 3320 conjugum
939 3250 1056 3322 imperiis
1067 3250 1150 3304 obno-

14 3389 15 3394 ,
115 3339 157 3406 31,
170 3353 196 3391 et
206 3340 292 3390 Tacit.
306 3337 343 3388 Xl
350 3376 358 3403 ,
371 3336 404 3388 ²6
415 3353 469 3407 seq.
483 3358 494 3380 s
505 3337 559 3386 Nec
572 3336 610 3388 ul·
652 3335 703 3386 xio.
714 3334 769 3384 Nec
780 3333 880 3382 minore
890 3327 991 3381 ambitu
1001 3330 1102 3382 feminae
1110 3351 1150 3383 ex-

14 3403 15 3418 .
116 3432 149 3470 tra
161 3430 328 3490 exspectato,
342 3434 419 3488 quam
432 3413 495 3466 dom
510 3414 610 3466 sacrifi·
653 3423 784 3472 arserant3
804 3427 877 3460 suam
896 3423 1008 3478 queque
1025 3407 1150 3462 nobilita-

14 3547 15 3556 ,
115 3500 143 3548 rii
155 3499 238 3567 gratia
250 3495 377 3548 Claudius
389 3494 489 3546 Ostiam
502 3495 608 3565 prolici-
653 3503 721 3554 tem,
736 3487 864 3554 formam,
877 3505 958 3557 opes,
972 3487 1149 3556 contendere,

14 3591 15 3594 ’
116 3589 238 3642 necetur,
253 3587 351 3627 cuncta
365 3576 516 3645 nuptiarum
529 3572 608 3626 solle-
653 3590 683 3622 ae
695 3570 775 3640 digna
791 3581 865 3620 tanto
879 3568 1047 3619 matrimonio
1060 3582 1151 3622 osten·

14 3693 15 3696 =
118 3659 178 3708 mnia
191 3656 316 3708 celebrat.
329 3653 405 3706 Haud
418 3673 475 3706 sum
489 3655 609 3724 ignarus,
654 3658 715 3698 tare.
731 3645 781 3699 Sed
794 3646 905 3696 maxime
917 3641 1101 3714 ambigebatur
1114 3649 1153 3697 in·

14 3745 16 3806 ζ
118 3735 260 3791 labulosum
275 3737 360 3786 visum
374 3735 420 3798 iri,
432 3745 535 3784 tantum
550 3731 609 3784 ullis
655 3737 694 3777 let
707 3724 821 3778 Lolliam
834 3721 1004 3789 Paullinom,
1022 3725 1058 3776 Μ.
1077 3725 1152 3776 Lollii

14 3809 15 3862 l
118 3815 258 3868 mortalium
269 3813 418 3864 securitatis
428 3812 521 3876 luisse,
537 3812 563 3862 in
574 3813 611 3862 ci·
654 3805 804 3858 Consularis
815 3803 908 3868 filiam,
919 3816 943 3855 et
952 3803 1053 3856 duliam
1064 3805 1156 3878 Agrip·

14 3921 16 3966 3
119 3897 189 3948 ritate
202 3897 321 3946 omniurn
334 3909 415 3962 gnara
430 3903 455 3942 et
469 3888 534 3941 nibil
550 3891 611 3941 reti·
653 3889 744 3960 pinam
752 3921 761 3949 ‚
773 3885 931 3936 Germanico
942 3885 1068 3954 genitam.
1086 3885 1154 3937 Huic

14 3975 15 4026 l
120 3987 201 4037 cente,
217 3971 317 4023 nedum
330 3967 472 4021 Consulem
488 3965 610 4037 designa·
655 3963 754 4030 Pallas,
770 3962 809 4014 illi
821 3961 960 4026 Callistus,
977 3962 1095 4014 fautores
1106 3961 1154 4013 ad-

14 4057 16 4064 ’
120 4065 182 4118 turn,
196 4069 257 4103 cum
270 4068 354 4101 uxore
366 4046 506 4118 Principis,
519 4043 610 4117 predi·
655 4056 736 4098 erant.
753 4044 787 4094 At
805 4040 877 4094 Elia
896 4040 1008 4106 Potina,
1025 4060 1040 4092 e
1056 4040 1156 4095 familia

14 4121 15 4126 ¹
121 4143 155 4182 eta
167 4129 225 4198 die,
239 4128 362 4182 adhibitis
373 4126 419 4200 qui
432 4125 609 4200 obsignarent,
655 4121 844 4188 Tuberonum,
861 4114 985 4173 Narcisso
1001 4119 1156 4190 fovebatur,

121 4207 184 4262 relnt
211 4206 442 4280 suscipiendorum
467 4203 612 4258 liberorum
658 4215 730 4254 etc.»
