3068 5144
459 581 775 646 DOMITIANUS.
1075 583 1139 654 385

96 708 140 775 liti
161 707 338 786 offerret⁸,
360 731 534 801 nunquam
552 705 679 798 jactare
697 707 876 788 dubitavit,
902 710 1084 780 «relictum
1108 737 1143 782 se

94 820 294 911 participem
304 817 532 909 imperii⁹,sed
542 816 696 885 fraudem
705 835 906 888 testamento
913 819 1111 891 adhibitam.
1125 855 1139 885 r

95 933 212 1021 Neque
229 929 372 994 cessavit
388 950 428 993 ex
445 951 484 994 eo
501 927 637 994 insidias
656 945 785 995 struere
803 928 895 996 fratri
913 930 1001 999 clam
1016 931 1142 1025 palam·

94 1063 158 1132 que
172 1065 179 1104 :
197 1037 312 1132 quoad
324 1054 515 1130 correptum
528 1041 620 1130 gravi
632 1039 839 1124 valetudine,
852 1044 947 1134 prius
960 1068 1061 1137 quam
1074 1045 1145 1138 plu·

94 1173 137 1216 ne
157 1147 290 1216 efflaret
307 1150 469 1231 animam,
491 1172 553 1240 pro
572 1167 706 1218 mortuo
725 1151 834 1219 deseri
850 1151 1003 1244 jussit¹⁰:
1025 1154 1144 1225 de'fuu·

95 1275 257 1352 ctumque
275 1256 369 1324 nullo
389 1275 615 1353 praeterquam
634 1263 895 1332 consecrationis
916 1263 1075 1333 honore¹¹
1097 1265 1144 1334 di·

95 1387 230 1462 gnatus,
239 1393 328 1463 saepe
337 1374 435 1438 etiam
445 1369 719 1466 carpsitobliquis
727 1374 1143 1448 orationibuset¹²edictis.

141 1486 203 1549 lll.
229 1487 320 1549 Inter
332 1485 425 1549 initia
436 1484 659 1576 principatus,
673 1484 822 1578 quotidie
834 1505 1001 1554 secretum
1013 1487 1075 1555 sibi
1087 1487 1145 1556 ho·

95 1609 228 1660 rarum¹
253 1615 386 1659 sumere
407 1589 553 1674 solebat,
576 1596 837 1689 necquicquam
857 1583 1019 1689 emplius,
1042 1622 1145 1691 quam

131 1823 156 1874 8.
183 1822 308 1895 offerret.
329 1824 368 1874 lta
387 1822 515 1874 edidimus
536 1841 597 1874 curu
681 1842 720 1876 11.
738 1825 1144 1880 Consecratr'om'slrotrore.Cous.

95 1901 222 1954 Oudend.
236 1916 262 1954 et
274 1903 373 1954 Ernest.
386 1903 480 1955 elllSS.
495 1922 544 1974 pro
556 1905 598 1956 do·
641 1903 862 1974 ruptumve,
882 1923 906 1955 α.
925 1905 999 1957 Inter
1009 1906 1091 1959 Divos
1105 1925 1146 1959 re·

96 1992 179 2034 naret.
642 1981 1144 2054 latumTitnm,hocest,consecmtum‚

131 2081 158 2131 9.
187 2061 346 2134 Perticipem
378 2061 488 2133 imperii.
519 2063 595 2132 Vulg.
641 2075 733 2113 narrat
749 2065 827 2114 etiam
844 2061 954 2133 Eutrop.
966 2063 1027 2132 Vll,
1047 2065 1087 2132 ¹⁴l·
1102 2067 1143 2119 Cf.

93 2141 241 2213 principem
263 2139 383 2212 imperii,
408 2139 480 2211 quod
504 2159 597 2212 perum
642 2140 706 2192 Pliu.
721 2143 919 2215 Panegyrcap.
934 2157 973 2192 tr.

62 2226 65 2230 ’
95 2221 208 2272 feliciter
218 2217 338 2271 defendit
346 2221 451 2272 Ernest.
463 2222 491 2270 iu
499 2222 597 2272 Excur·
681 2237 721 2272 12.
735 2221 809 2293 Soepe
820 2222 900 2272 etiam
914 2221 1036 2291 carpsit...
1048 2221 1145 2277 edictis.

95 2319 136 2353 su.
146 2300 321 2370 Ραηίοὶρεηι,
331 2299 403 2370 quod
413 2299 597 2370 reponendum
642 2298 764 2352 Pluribus
777 2298 902 2371 exemplis
916 2298 1031 2352 illustret
1043 2301 1144 2374 Xipbil.

96 2390 238 2430 censuerat
248 2377 365 2429 Tumeb.
380 2377 490 2430 Advers.
503 2383 535 2445 V,
552 2396 596 2443 ιο,
642 2376 693 2428 loc.
708 2379 753 2430 cit.

95 2456 170 2508 libn's
185 2456 364 2507 confirmatur.
377 2456 501 2530 Princeps
513 2457 597 2527 impe·
677 2457 719 2508 lll.
743 2473 765 2506 r.
790 2455 920 2508 Secretum
938 2456 987 2509 ribi
1007 2457 1145 2528 loramm,

95 2539 129 2589 rir'
144 2555 231 2608 neque
248 2537 341 2587 Latine
357 2535 462 2601 dicitur,
477 2535 523 2589 sed
537 2538 599 2587 sim·
644 2547 693 2587 etc.
708 2538 770 2587 Non
782 2537 865 2606 magis
879 2534 906 2588 h.
920 2537 939 2587 l.
952 2535 1145 2592 admittendum
1227 2553 1229 2564 '

94 2617 200 2688 pliciter
218 2617 342 2685 Princeps
356 2614 405 2686 (de
423 2635 476 2687 quo
490 2600 598 2667 nominis
642 2630 709 2688 puto
727 2616 875 2682 lrorarr'um,
896 2635 976 2688 quarn
994 2618 1095 2670 Neron.
1110 2609 1154 2690 37¹

95 2697 155 2749 vide
170 2699 241 2768 Lips.
254 2695 288 2748 ad
303 2697 388 2748 Tacit.
406 2695 501 2748 Annal.
517 2700 544 2762 l,
561 2697 597 2768 r),
644 2697 757 2766 spatium
776 2694 924 2761 berarium,
945 2714 995 2766 pro
1012 2695 1144 2750 lroramm.

95 2798 185 2850 neque
199 2779 320 2830 relietum
333 2796 360 2829 se
377 2778 537 2848 Principem,
554 2781 598 2848 jn·
642 2776 773 2827 Horarum
787 2787 826 2826 est
839 2777 969 2844 genitivus
982 2778 1059 2847 quasi
1071 2777 1145 2829 cre-

96 2873 167 2910 ctare
189 2871 292 2929 poterat
310 2858 495 2923 Domitianus,
515 2877 596 2928 quum
642 2871 689 2905 cus
706 2857 762 2906 siue
780 2853 906 2921 articulo,
924 2855 1074 2924 significans
1095 2856 1146 2908 ati·

96 2957 276 2989 successorem
299 2937 388 2987 Titum
414 2935 572 2988 destinatum
589 2976 597 3002 ,
642 2946 706 3005 quot
716 2935 847 2986 horarum.
859 2935 897 2984 lta
909 2953 996 3004 neque
1005 2934 1144 3001 audiendi,

97 3019 311 3077 omnesscireut,
326 3028 394 3066 etex
409 3017 473 3086 ipsis
488 3015 597 3068 bonori—
643 3015 686 3085 qui
707 3013 760 3065 hoc
780 3027 807 3064 et
826 3015 941 3064 Neronis
961 3014 1020 3065 loco
1039 3017 1144 3068 numeri

96 3095 146 3147 bns
160 3111 318 3169 appareret,
335 3114 403 3166 quos
420 3098 596 3166 Vespasianus
641 3105 733 3143 notam
752 3092 878 3143 excidisse
896 3106 1000 3162 putant.
1019 3095 1143 3146 Ceterum

97 3178 123 3226 in
144 3195 205 3226 eum
224 3187 401 3245 congesserat,
426 3173 476 3226 Sed
495 3194 597 3227 consor.
642 3169 788 3221 abutuntur
801 3170 878 3220 etiam
893 3169 1017 3221 nonnulli
1033 3170 1067 3222 ad
1083 3190 1144 3223 cor-

97 3253 161 3304 tt'um
174 3253 291 3324 imperii,
303 3251 374 3323 quod
388 3251 535 3322 benignitas
545 3256 597 3306 Titi
642 3247 780 3317 rigeudum
799 3247 953 3298 Suetonium
973 3247 1034 3300 loco
1052 3249 1143 3318 Plinii,

96 3335 119 3382 ei
133 3332 225 3383 tribuit
240 3331 312 3400 (ride
325 3334 506 3402 Tit.9),jure
518 3347 542 3383 et
556 3347 596 3385 te·
642 3329 768 3398 Panegyr.
794 3343 853 3395 cap.
878 3324 931 3392 48,
960 3329 1044 3378 :Non
1070 3328 1144 3382 adire

97 3423 227 3463 stamento
245 3410 295 3462 sibi
314 3411 462 3480 arrogabat.
483 3413 523 3463 Cf.
540 3414 597 3465 Ou·
643 3408 798 3476 quisquam,
817 3423 872 3456 ¹¹⁰ss
892 3404 994 3476 all⁰qui
1012 3406 1143 3476 audebat,

97 3487 225 3560 dendorp.
241 3487 275 3540 nd
288 3489 339 3540 loc.
355 3502 424 3541 nost.
642 3484 761 3538 tenebras
779 3502 879 3557 semper
896 3500 1079 3558 secretumque
1098 3507 1146 3562 cs·

134 3584 173 3620 ro.
194 3570 247 3620 Pro
264 3581 366 3620 mortuo
382 3569 462 3619 deseri
467 3569 553 3640 jussit.
569 3569 595 3622 Si
641 3579 774 3635 plantem,
786 3583 835 3615 nec
848 3582 966 3635 unquam
979 3585 1009 3617 err
1021 3567 1144 3619 solitudi-

98 3650 192 3702 Graecis
209 3649 362 3724 auctoribus
382 3649 462 3715 fides,
481 3653 596 3720 spirante
641 3642 946 3713 1195113Ρ1οἆ1111118111,
966 3646 1016 3696 nisi
1031 3659 1060 3697 ut
1078 3646 1143 3699 soli·

99 3729 183 3781 adhuc
198 3729 272 3792 Tuo,
293 3732 402 3780 Romam
419 3730 538 3781 celerum
552 3751 596 3780 ve.
641 3722 760 3774 tudinem
773 3723 904 3773 faceret.»
922 3723 1071 3795 Descriptio
1083 3745 1144 3777 ora-

99 3813 134 3860 uit
144 3811 321 3873 Domitianus,
329 3823 354 3859 et
363 3810 448 3860 statim
457 3823 540 3860 castra
549 3811 597 3860 lm·
642 3804 769 3852 1011111011
783 3800 963 3872 comparanda
976 3821 1036 3853 cum
1051 3822 1143 3856 narre-

98 3890 279 3958 peratorisque
297 3906 392 3937 nomon
411 3903 435 3939 et
452 3892 595 3957 potentiam
640 3884 712 3932 lione
728 3879 862 3946 historici,
882 3882 927 3951 qui
943 3899 1038 3933 sevum
1053 3881 1142 3936 homi·

99 3968 246 4038 occupavit.
273 3966 401 4016 Nonnulli
432 3966 593 4018 deficientem
640 3961 1143 4032 nemaeeessuminutaquecrudelitate

99 4047 184 4097 Titum
194 4047 220 4096 in
232 4064 319 4096 arcam
329 4047 393 4096 nivis
405 4045 508 4116 plenam
520 4067 533 4096 ῃ
544 4047 595 4097 fra.
640 4039 672 4090 ad
684 4044 782 4110 majora
796 4042 914 4091 facinora
928 4040 1141 4112 progredientem

100 4137 135 4177 tre
149 4127 300 4194 conjectum
315 4127 491 4195 scripserunt,
508 4140 537 4177 ut
552 4129 595 4177 cui
641 4135 667 4170 et
678 4123 752 4192 quasi
765 4133 943 4191 separantem
956 4120 1080 4173 ostendit.
1090 4127 1141 4176 Pro

100 4205 178 4274 frigus
197 4205 269 4256 hono
288 4206 370 4266 foret,
390 4205 478 4276 ibique
498 4207 595 4257 exstiu-
640 4199 714 4250 Inter
731 4200 822 4264 1111ῐὶ11,
846 4198 878 4250 al·
899 4199 962 4248 1111111
981 4218 1053 4250 mero
1077 4202 1141 4254 vitio

2 4344 3 4354 γ
100 4298 176 4336 ctum.
191 4285 232 4336 Cf.
246 4285 296 4334 Tit.
316 4301 354 4334 to.
642 4277 772 4329 exhibent.

190 4376 238 4442 H.
961 4401 1001 4445 20
