3068 5144
375 491 441 556 336
749 492 785 554 C.
812 491 1046 557 SUETONll

373 616 425 684 dis
445 615 507 682 viis
525 636 594 681 non
614 611 817 689 adhibitam,
836 613 908 682 luto
922 611 1079 707 jussisset
1098 613 1245 712 oppleri,
1264 631 1426 710 congesto

373 750 435 819 per
446 723 569 792 milites
583 726 619 790 in
633 740 804 818 proetextae
819 727 930 812 sinum
941 778 949 808 ,
961 749 1031 793 nou
1043 724 1239 808 defuerunt,
1250 730 1310 821 qni
1321 731 1427 794 inter-
1529 735 1530 740 ’

374 850 602 929 pretarentur,
620 832 825 929 quandoque
836 833 1065 926 proculcatam
1077 833 1312 929 desertamque
1326 841 1427 904 Rem·

376 945 546 1039 publicam
565 946 653 1014 civili
672 944 786 1040 aliqua
803 945 1055 1038 perturbatione
1073 948 1107 1014 iu
1123 945 1265 1014 tutelam
1280 944 1371 1040 ejus,
1388 969 1429 1014 ac

375 1056 469 1124 velut
482 1060 522 1123 in
533 1057 714 1148 gremium,
730 1053 961 1123 deventuram.
979 1055 1167 1124 Prandente
1181 1080 1222 1124 eo
1234 1055 1428 1152 quondam,

376 1167 488 1235 canis⁵
503 1171 668 1236 extrarius
683 1191 702 1234 e
717 1169 815 1234 trivio
832 1191 972 1235 manum
988 1165 1173 1236 humanam
1186 1167 1317 1250 intulit,
1336 1191 1427 1235 men·

377 1301 490 1372 saeque
514 1275 665 1371 subjecit.
690 1281 852 1346 Coenante
870 1302 1006 1356 rursus,
1029 1278 1091 1347 bos
1115 1279 1263 1361 arator⁶,
1285 1276 1429 1348 decusso

374 1384 472 1480 jugo,
498 1386 681 1455 triclinium
702 1389 838 1480 irrupit,
860 1412 900 1455 ac
921 1387 1044 1479 fugatis
1063 1390 1241 1470 ministris,
1264 1391 1363 1482 quasi
1381 1412 1430 1456 ro·

377 1515 479 1592 pente
492 1497 659 1580 defessus,
673 1497 817 1590 procidit
827 1496 871 1564 ad
885 1500 977 1592 ipsos
991 1497 1217 1566 accumbentis
1228 1497 1351 1591 pedes,
1363 1523 1431 1566 oer-

378 1613 554 1704 vicemque
578 1611 756 1677 summisit.
781 1609 890 1677 Arbor
910 1633 1045 1704 quoque
1068 1626 1270 1702 cupressus?
1291 1612 1329 1676 in
1350 1633 1430 1702 agro

378 1723 467 1788 avito
482 1723 554 1788 sine
570 1719 639 1788 ulla
655 1723 686 1788 vi
704 1723 913 1814 tempestatis
932 1720 1049 1788 evulsa
1064 1720 1224 1788 radicitus
1237 1737 1341 1816 atque
1356 1745 1431 1814 pro

379 1846 497 1914 strata,
513 1832 702 1925 insequenti
717 1829 770 1897 die
783 1828 921 1898 viridior
935 1855 974 1897 ac
988 1830 1116 1898 firmior
1128 1833 1325 1898 resurrexit.
1343 1837 1385 1899 At
1397 1833 1431 1897 in

379 1940 503 2008 Achaia
526 1939 737 2022 sonutavitfl,
760 1942 894 2007 initium
916 1939 979 2007 sibi
1000 1942 1136 2034 suisque
1156 1939 1322 2008 felicitatis
1345 1940 1433 2008 futu·

380 2075 471 2134 rum,
486 2048 639 2122 simulac
653 2048 736 2118 dens
752 2052 878 2118 Neroni
892 2066 1044 2117 exemtus
1059 2066 1148 2118 esset
1162 2078 1169 2117 :
1183 2053 1383 2144 evenitque,
1396 2067 1433 2118 ut
1532 2091 1533 2094 =

305 2226 309 2240 ,
380 2163 534 2256 sequenti
560 2158 614 2226 die
640 2183 836 2252 progressus
862 2162 896 2227 in
921 2161 1043 2226 atrium
1065 2158 1216 2227 medicus
1240 2158 1380 2227 dentem
1402 2161 1433 2226 ei

381 2269 587 2353 ostenderet,
607 2285 739 2337 tantum
756 2267 847 2364 quod
866 2285 1048 2336 exemtum.
1069 2267 1169 2362 Apud
1188 2269 1343 2338 Judaeam
1359 2273 1434 2337 Car·

381 2381 461 2449 meli
472 2384 532 2449 Dei
544 2380 738 2449 oraculum9
750 2381 981 2449 consulentem
995 2383 1038 2447 ita
1054 2379 1296 2452 confirmavere
1308 2398 1433 2459 sortes,

382 2585 496 2636 ctionem
507 2582 644 2636 suaderem
656 2585 833 2655 perturbatam
841 2585 884 2638 de·
928 2603 1041 2656 procera
1055 2599 1082 2637 at
1096 2585 1177 2638 latior
1190 2585 1306 2657 (letior)
1319 2584 1432 2638 virebat:

380 2662 885 2735 spectamque.Seduotaresescincom·
928 2663 1433 2737 grandeidpmspemmqumconseuu

381 2742 565 2815 parationihus
575 2761 630 2794 non
641 2743 744 2814 singula
755 2742 884 2795 vocabula
927 2741 1115 2818 haruspicum,
1139 2757 1165 2796 et
1182 2762 1285 2799 summa
1303 2742 1433 2797 claritudo

382 2820 503 2892 urgenda
511 2839 578 2874 esse.
589 2822 734 2893 Sapissime
744 2825 835 2875 miscet
843 2825 885 2876 Ci·
925 2825 1017 2895 juveui
1032 2822 1176 2875 admodum
1187 2825 1354 2896 Vespasiano
1369 2841 1433 2896 pro·

382 2920 444 2953 cero
460 2901 486 2952 in
505 2899 604 2953 dilectu
622 2900 812 2954 vocabulorum
831 2900 884 2956 duo
928 2901 1435 2975 mina.an.Xiphil.apudquemleris

382 2979 500 3034 membra
510 2982 731 3052 comparationis,
741 2995 884 3054 utcornpa-
928 2980 1017 3035 denuo
1033 2980 1183 3047 dissensus,
1201 2982 1275 3055 quod
1292 2984 1433 3038 Suetonius

382 3059 885 3134 ratoaddatur,quodcomparanticon-
928 3061 984 3113 sine
1001 3059 1057 3113 ulla
1076 3062 1103 3113 υἱ
1121 3064 1290 3134 tempestatis,
1312 3063 1372 3134 ipse
1390 3059 1434 3113 hi

382 3140 514 3206 veniebat,
523 3140 564 3193 vel
574 3155 675 3193 contra.
688 3143 726 3194 lta
736 3141 763 3193 b.
774 3140 792 3194 l.
802 3141 885 3194 deser-
929 3139 1028 3207 ooadpai
1041 3135 1174 3204 arripuerat
1189 3139 1339 3192 concidisse
1354 3139 1434 3192 arbo-

384 3230 437 3270 tum
451 3221 554 3291 egregie
566 3218 709 3290 respondet
719 3221 765 3284 iis,
778 3238 836 3290 qum
846 3239 886 3272 ue·
928 3237 994 3284 rem,
1004 3217 1106 3286 dicunt,
1115 3219 1222 3272 Tacitus
1233 3218 1390 3292 simpliciter
1399 3237 1434 3271 re·

383 3313 511 3371 quuutur,
523 3301 551 3351 in
563 3299 670 3353 tutelam
684 3304 775 3373 ejus...
790 3302 885 3354 denen·
927 3307 1017 3367 pente·

385 3389 478 3430 turum.
967 3379 992 3431 8.
1011 3377 1047 3431 At
1062 3381 1090 3432 in
1102 3380 1204 3432 Achaia
1217 3381 1373 3448 somniauit,
1386 3393 1434 3433 etc.

421 3455 445 3508 5.
457 3456 605 3508 Prandente
613 3476 672 3510 eo...
686 3460 770 3527 cunis,
782 3473 832 3512 etc.
843 3460 885 3512 Cf.
930 3457 970 3510 Cf.
985 3457 1084 3528 Xipbil.
1098 3458 1116 3511 l.
1129 3478 1152 3511 c.
1161 3461 1308 3512 -Atrium
1321 3461 1434 3514 estradis

385 3535 484 3607 Xiphil.
495 3535 589 3603 vat,
607 3553 628 3587 ι.
930 3537 1058 3604 Neronis,
1069 3542 1166 3609 ecujua
1177 3538 1302 3592 cubiculo
1313 3540 1437 3594 veniebat

420 3614 445 3665 6.
471 3617 641 3668 Canama...
662 3618 704 3670 bos
719 3628 818 3686 arator,
835 3633 885 3671 etc.
931 3618 1156 3670 medicus-Pro
1169 3623 1369 3694 tantumquod,
1381 3623 1437 3695 ple·

385 3692 486 3766 Xiphil.
501 3691 553 3744 loc.
569 3695 612 3746 cit.
930 3697 1006 3767 rique
1024 3697 1086 3749 libri
1105 3711 1219 3752 recenter
1235 3720 1249 3750 e
1266 3701 1434 3771 glossemate.

423 3791 447 3844 7.
467 3773 665 3846 Arborquoquo
678 3794 819 3845 cupressus,
835 3789 885 3829 ete.
967 3792 992 3844 9.
1018 3776 1132 3829 camneti
1149 3777 1200 3830 Dei
1215 3778 1367 3845 eraculani,
1387 3793 1437 3832 etc.

386 3853 470 3906 Tacit.
488 3853 554 3902 Hist.
570 3853 607 3916 ll,
620 3854 669 3921 78,
686 3853 887 3910 altecursabant
931 3854 1015 3907 Tacit.
1032 3856 1099 3908 Hist.
1116 3856 1153 3922 ll,
1169 3857 1218 3925 78:
1237 3859 1303 3910 -ust
1320 3859 1437 3912 Judaeau

387 3930 474 3980 animo
484 3941 572 3980 vetera
585 3931 681 3980 omina.
692 3929 839 3999 Cupressus
848 3952 887 3985 ar·
932 3937 1001 3987 inter
1013 3935 1167 4008 Syriamque
1179 3938 1331 4006 Carmelus,
1344 3941 1381 3992 ita
1392 3959 1438 3990 vo·

388 4008 438 4060 bor
447 4011 474 4059 in
487 4009 555 4079 agris
565 4009 635 4076 ejus,
648 4012 792 4080 conspicua
804 4011 890 4064 altitu·
934 4027 997 4066 cant
1007 4027 1124 4066 montem
1134 4015 1288 4088 Deumque,
1299 4035 1351 4070 nec
1361 4021 1438 4072 simu·

388 4086 464 4149 dine,
481 4099 589 4156 repente
608 4085 772 4158 prociderem
794 4109 824 4140 ac
840 4108 890 4161 po·
935 4091 1034 4144 lacrum
1042 4093 1098 4146 Deo
1109 4108 1155 4146 unt
1162 4096 1290 4166 ternplum
1301 4099 1383 4148 situm
1393 4111 1441 4148 tra·

389 4162 514 4232 mercdis,
522 4163 615 4216 eodem
623 4166 732 4235 vestigio
741 4186 890 4240 resurgens,
934 4170 1024 4224 didere
1034 4174 1162 4243 majoros,
1172 4193 1243 4228 aram
1253 4187 1359 4228 tantum
1370 4190 1395 4231 et
1406 4195 1443 4230 re.
