3068 5144
380 550 446 630 344
755 551 791 614 C.
819 551 1056 618 SUETONII

377 690 452 744 acto
461 673 504 743 de
513 680 532 744 J
534 674 639 743 ndoeis
649 673 841 768 triumpbo²
849 727 858 758 ,
866 674 1061 744 consulatus
1071 691 1146 744 octo
1154 680 1260 744 veteri
1269 673 1429 746 ³addidit.

345 862 346 870 ἵ
377 787 529 878 Suscepit
539 801 573 852 et
583 783 852 853 censuramlzac
863 810 924 878 per
935 801 1046 856 totum
1055 787 1187 880 imperii
1199 805 1335 879 tempus
1346 787 1430 856 nibil

378 895 496 964 babuit
517 898 710 990 antiquius,
737 919 839 990 quam
867 920 974 988 prope
1001 894 1159 964 afflictam
1183 913 1429 992 nutantemque

378 1005 633 1098 Rempnblicam
650 1004 796 1074 stabilire
811 1008 936 1099 primo,
949 1004 1072 1074 deinde
1088 1025 1123 1074 et
1139 1031 1271 1076 ornare.
1289 1007 1428 1089 Milites,

378 1139 456 1208 pars
470 1118 615 1184 victoriae
626 1114 765 1196 fiducia,
778 1139 857 1208 pars
868 1117 1062 1207 ignominiae
1073 1115 1225 1198 dolore⁵,
1237 1115 1282 1184 ad
1294 1140 1429 1184 omnem

378 1227 547 1296 licentiam
565 1225 809 1322 audaciamque
830 1245 1073 1321 processerant.
1093 1229 1211 1300 Sedet
1230 1232 1429 1322 provincia,

378 1341 595 1434 civitatesque
608 1337 739 1420 liberae,
753 1362 901 1406 necnon
915 1355 949 1406 at
959 1363 1063 1431 regna
1074 1338 1232 1435 quaednm
1244 1338 1430 1407 tumultuo-

379 1452 449 1518 sius
462 1452 551 1518 inter
563 1472 599 1518 se
612 1449 766 1540 agebant.
783 1453 895 1534 Quare
908 1449 1165 1518 Vitellianorum
1178 1448 1320 1546 quidem
1332 1467 1367 1518 et
1375 1473 1431 1516 ex·

379 1563 564 1629 auctoravit
571 1559 751 1653 plurimos,
762 1576 796 1629 et
805 1564 968 1628 coercuit:
979 1561 1197 1655 participibus
1206 1576 1323 1628 antem
1329 1562 1431 1628 victo-

380 1674 438 1738 riae
456 1670 542 1738 adeo
560 1670 643 1738 nibil
663 1687 758 1738 extra
773 1670 924 1739 ordinem
941 1670 1097 1756 indulsit,
1113 1687 1153 1738 ut
1165 1673 1266 1738 etiam
1284 1669 1432 1762 legitima

381 1782 519 1873 praemia
538 1806 608 1848 non
621 1783 686 1848 nisi
701 1778 795 1849 sero⁶
809 1780 1019 1875 persolverit.
1037 1788 1098 1865 Ac,
1113 1805 1271 1877 nequam
1287 1784 1433 1848 occasio·

381 2003 473 2086 lum,
499 2005 705 2096 fragrantem
730 2021 924 2095 unguento,
949 2029 1057 2099 quum
1082 2004 1144 2072 sibi
1168 2029 1231 2097 pro
1255 2007 1434 2097 impetrata

380 2114 581 2206 praefectura
599 2117 722 2206 gratias
740 2131 870 2207 ageret,
891 2131 975 2183 nutu
996 2131 1211 2207 aspernatus,
1230 2138 1316 2181 voce
1334 2115 1433 2182 etiam

381 2229 577 2316 brevissima
595 2228 779 2320 increpuit,
803 2257 817 2286 a
828 2225 1045 2308 Maluissem,
1064 2225 1181 2293 allium
1199 2225 1429 2310 doluisses,-

382 2335 563 2433 literaeque
575 2341 754 2406 revocavit.
767 2336 978 2406 Classiarios⁷
992 2361 1088 2418 vero,
1101 2340 1159 2431 qni
1168 2336 1212 2405 ab
1223 2339 1320 2406 Ostia
1331 2355 1365 2404 et
1377 2341 1436 2404 l‘u·

382 2443 480 2515 teolis
502 2452 644 2516 Romam
668 2447 811 2543 pedibus
834 2474 896 2543 per
917 2451 1007 2517 vices
1031 2463 1239 2532 commeant,
1264 2464 1434 2540 petentes,

420 2662 884 2738 a.AetodeludoeistriumplroNide
929 2666 996 2717 tinet
1015 2662 1051 2716 ad
1074 2663 1194 2716 devictos
1214 2662 1390 2729 Vitellianos,
1406 2674 1435 2714 nt

382 2739 491 2812 loseph.
502 2742 564 2808 Vll,
576 2742 607 2806 5,
619 2742 635 2808 4
649 2761 704 2813 seq.
716 2743 787 2796 node
798 2757 885 2816 patet,
930 2745 1042 2798 victoria
1051 2741 1155 2817 fiducia
1171 2741 1207 2796 ad
1225 2743 1322 2796 milites
1338 2745 1436 2814 Vespa·

385 2833 444 2888 post
462 2817 568 2872 demum
585 2819 713 2888 reditum,
733 2841 793 2874 ann.
814 2822 885 2888 824,
930 2825 1011 2890 siani,
1028 2837 1058 2875 nt
1073 2837 1146 2876 reete
1165 2825 1269 2874 monuit
1284 2823 1434 2887 Ernestius,

383 2911 471 2950 actum
495 2915 553 2951 esse
564 2921 574 2961 ,·
594 2899 617 2951 is
638 2902 709 2952 enim
729 2918 790 2952 cunr
809 2913 886 2971 patre
929 2902 1011 2974 idque
1025 2915 1099 2973 patet
1112 2903 1191 2953 etiam
1203 2920 1234 2954 es
1247 2901 1437 2973 sequentibus,
1460 2909 1462 2916 ⁴

385 2975 554 3048 triumphavit
563 2999 571 3040 ;
581 2978 615 3030 cf.
625 2980 678 3030 Tit.
691 2979 723 3045 6,
735 2993 762 3031 et
771 2981 884 3031 Reimar.
931 2983 977 3034 nbi
992 2985 1101 3053 exponit
1114 2995 1216 3048 unctor,
1231 2980 1296 3052 quid
1310 2981 1344 3033 de
1356 2979 1437 3034 Vitel-

383 3059 416 3110 od
433 3059 530 3130 Xiphil.
545 3061 641 3126 vat,
655 3077 679 3130 7.
931 3062 1021 3128 liaris,
1033 3075 1058 3113 et
1071 3060 1104 3113 de
1115 3063 1169 3114 suis
1180 3060 1306 3114 militibus
1318 3063 1437 3113 statuerit

419 3140 445 3192 3.
465 3133 681 3194 Consulanuecto
690 3142 767 3196 aeteri
773 3141 888 3205 addidit,-
931 3141 1119 3212 Vespasianus.
1131 3141 1236 3192 Transit
1248 3138 1348 3192 deinde
1357 3139 1394 3192 ad
1404 3142 1438 3191 ci·

385 3221 475 3285 veteri,
494 3219 527 3273 de
545 3239 598 3291 quo
615 3219 715 3274 dictum
731 3219 765 3272 ad
781 3239 840 3292 cap.
859 3221 886 3288 4.
932 3223 1024 3272 vitares
1038 3219 1165 3272 hactenns
1177 3219 1287 3284 liberas,
1303 3233 1331 3272 et
1343 3237 1437 3291 regna,

385 3298 890 3371 Secundum,tertiumetquertumcon·
934 3297 1439 3371 quaetumultnosinsagebant.bdoxde

385 3380 495 3431 tinuerit
514 3381 589 3432 annis
610 3382 677 3446 823,
693 3379 758 3448 82⁴,
777 3395 803 3433 et
820 3381 887 3446 8²53
934 3394 1027 3433 ornata
1041 3379 1115 3432 Urbe
1129 3381 1193 3451 ugit.

385 3470 446 3526 post
461 3457 541 3508 unius
556 3459 618 3508 anni
631 3458 798 3510 intervallum
811 3461 889 3529 qnin-
970 3460 995 3513 6.
1016 3460 1078 3513 Non
1088 3461 1209 3514 nisisero.
1220 3461 1356 3513 Omitrnnt
1365 3459 1440 3511 rnnlti

387 3537 888 3604 tum,sextum,septimumetoctavunr,
934 3557 989 3592 nort
1008 3540 1069 3606 nisi,
1088 3540 1223 3624 probante
1239 3538 1439 3613 Oudendorpio.

387 3613 463 3664 annis
478 3613 528 3682 827
541 3631 626 3684 usque
639 3613 673 3664 ad
683 3613 751 3682 830,
764 3629 790 3666 et
800 3615 889 3669 denuo
972 3629 996 3682 7.
1014 3609 1174 3674 Classrerios;
1188 3610 1240 3663 boc
1249 3624 1303 3678 est,
1316 3610 1440 3662 cobortes

387 3693 527 3762 interjecto
541 3710 627 3754 anno,
643 3711 744 3746 nonum
759 3714 821 3747 ann.
839 3696 889 3749 832
935 3694 1083 3762 remigum,
1102 3709 1159 3762 quse
1176 3689 1292 3743 Puteolis
1312 3704 1341 3742 et
1362 3692 1440 3743 Ostia

387 3773 475 3843 gessit.
937 3770 971 3824 ad
999 3768 1130 3822 arcendos
1153 3767 1341 3822 incendiorum
1366 3785 1440 3822 casus

423 3853 449 3918 4.
464 3852 891 3922 Stucepitetcensuram3secundo
908 3863 910 3868 '
937 3862 1013 3903 eraut
1030 3847 1166 3901 collocata
1182 3848 1256 3917 (vide
1269 3847 1367 3901 Claud.
1382 3867 1439 3919 cap.

388 3929 541 3996 consulatu,
548 3929 725 4001 collega'l'ito.
733 3931 800 3984 Vide
808 3933 891 3985 Tito.
939 3930 1002 4002 25),
1014 3944 1041 3982 et
1054 3927 1177 3984 eundern
1190 3929 1225 3980 ad
1238 3947 1317 3980 mum
1330 3929 1441 3980 Romana

388 4010 891 4082 Lustrumcondiditquintoconsulatu.
938 4029 986 4082 per
1003 4011 1073 4062 tices
1087 4008 1281 4061 commeabant.
1300 4009 1365 4060 Non
1381 4023 1441 4059 con·

390 4090 430 4143 Cf.
447 4089 584 4142 Censorio.
601 4109 661 4160 cap.
682 4090 727 4152 183
744 4091 809 4143 Plin.
826 4093 892 4144 llist
938 4087 1090 4142 fundendos
1109 4086 1169 4141 illos
1186 4089 1306 4142 existimo
1326 4105 1388 4140 cnm
1406 4085 1441 4138 le·

390 4170 451 4221 Not.
469 4169 663 4240 vu,49(50).
937 4171 1016 4241 picae
1032 4168 1152 4234 classica,
1167 4167 1204 4221 de
1215 4186 1270 4240 qua
1285 4165 1388 4220 dictum
1401 4184 1441 4218 su·

428 4249 451 4300 5.
471 4249 536 4301 Pars
553 4249 705 4321 ipnominioe
720 4248 815 4304 dolore.
832 4254 895 4304 Per·
941 4267 1004 4322 pra,
1015 4246 1091 4302 Galb.
1103 4265 1161 4320 cap.
1176 4265 1217 4301 ra.

738 4332 746 4358 ,
960 4344 966 4350 .
