3066 5148
380 537 423 604 58
750 539 786 606 C.
807 534 1046 606 suenonss

379 662 592 736 scrimiuibus
614 660 761 756 objecto,
785 663 982 754 tempestiva
1003 661 1192 743 convivia⁵,
1214 663 1373 744 Circum,
1397 678 1430 728 ct

380 773 529 855 tbeaua,
548 789 581 842 et
591 797 741 844 amcaros
755 796 906 842 secessus
920 771 1138 844 celebrarent.
1152 802 1165 832 ι

425 889 540 952 XLVI.
566 888 756 966 Postremo,
770 884 866 977 quasi
877 899 1129 976 perpetraturus
1141 880 1290 963 belluna,
1302 881 1432 954 directa

379 995 450 1061 acie
463 997 498 1060 iu
516 991 614 1060 litore
627 995 770 1074 Oceani,
787 1016 827 1060 ac
838 991 979 1062 ballistis
993 991 1226 1086 machinisque
1237 989 1431 1084 dispositis,

380 1105 514 1174 nemine
537 1125 643 1193 gnaro
662 1118 721 1172 aut
740 1105 920 1194 opinante,
943 1099 1105 1196 quidnam
1128 1117 1301 1194 coepturus
1322 1117 1433 1182 esset,

380 1227 538 1304 repente,
555 1228 594 1278 ut
610 1211 755 1285 conchas
767 1211 934 1304 legerent,
955 1211 1132 1307 galeasque
1152 1228 1186 1280 et
1206 1215 1302 1280 sinus
1324 1211 1435 1304 reple-

381 1338 475 1406 rent,
498 1325 717 1416 imperavit¹;
743 1320 876 1414 «spolia
894 1324 1045 1390 Oceania
1072 1346 1214 1404 vocaus,
1243 1321 1435 1414 «Capitolio

381 1433 575 1528 Palatioque
595 1431 744 1503 debita.»
769 1438 813 1502 Et
829 1436 866 1502 in
886 1433 1047 1505 indicium
1061 1436 1209 1504 victoriae
1231 1433 1436 1506 altissimam

382 1561 512 1612 turrem
529 1546 700 1627 excitavit,
715 1569 756 1614 ex
776 1568 860 1638 que,
880 1559 918 1610 ut
938 1567 980 1610 ex
996 1544 1123 1625 Pharo,
1142 1540 1300 1614 noctibus
1321 1540 1367 1611 ad
1390 1565 1437 1612 re

383 1653 509 1746 gendos
525 1656 663 1726 navium
676 1677 795 1724 cursus
812 1657 906 1747 ignes
923 1656 1122 1724 emicarent:
1139 1655 1437 1748 pronunciatoque

383 1762 481 1830 militi
503 1763 676 1846 donanto,
700 1765 849 1833 centenis
872 1764 997 1834 viritim
1020 1762 1183 1845 denariis,
1210 1763 1309 1856 quasi
1332 1784 1438 1830 omne

384 1872 577 1968 exempltun
596 1872 802 1944 liberalitatis
822 1896 1078 1965 supergressus,
1106 1870 1247 1956 abbite,
1262 1903 1276 1932 a
1301 1873 1438 1965 inquit,

386 2013 402 2046 a
414 1982 483 2052 laeti
493 2034 502 2064 ,
514 1982 602 2050 abite
614 1982 809 2075 locupletes.
824 2013 838 2043 a

429 2097 562 2165 XLVII.
578 2099 767 2164 (lenvcrsus
776 2091 858 2160 binc
870 2091 914 2160 ad
925 2115 1042 2164 curam
1053 2090 1233 2186 triumphi,
1247 2107 1375 2183 preter
1389 2115 1441 2160 ta·

384 2201 1441 2297 ptivosactransfugasbarberos,Galliarumquoqueproceris-

386 2315 510 2382 simum
531 2337 718 2408 quemque,
741 2329 789 2397 et,
812 2328 851 2380 ut
872 2314 946 2405 ipse
964 2311 1110 2396 dicebat,
1129 2327 1378 2406 ὰεωθρψῇυτω,
1399 2336 1442 2380 ac

386 2421 568 2492 nonnullos
585 2423 847 2518 exprincipibus
862 2423 961 2514 legit,
977 2444 1019 2490 ac
1030 2426 1181 2515 seposuit
1193 2423 1237 2494 ad
1253 2447 1440 2516 pompam,

386 2537 561 2628 coegitque
574 2559 643 2604 non
663 2551 796 2608 tantum
816 2533 953 2604 rutilare
975 2550 1010 2602 et
1028 2537 1240 2606 summittere
1264 2545 1441 2618 ‘comam

386 2642 446 2712 sed
458 2660 493 2712 et
502 2667 693 2715 sermonem
703 2647 941 2714 Germanicum
954 2641 1146 2728 addiscere,
1159 2661 1197 2712 et
1205 2647 1348 2714 nomina
1364 2644 1443 2714 bar-

387 2754 500 2822 barica
510 2755 607 2822 ferre.
623 2759 785 2849 Praecepit
796 2758 916 2836 etiam,
931 2757 1102 2837 triremes,
1120 2755 1245 2848 quibus
1262 2758 1444 2823 introierat

387 2958 474 3008 nana,
482 2965 504 3000 ot
512 2966 591 3002 vomer
600 2958 746 3005 mitum&
755 2957 855 3002 mlh·
934 2959 984 3024 t'u,
995 2976 1104 3029 prorsus
1115 2958 1246 3029 ejicienda
1259 2977 1273 3012 c
1288 2958 1363 3012 libris
1376 2979 1442 3012 een·

388 3098 394 3108 Ι
424 3035 890 3106 5.Tempcstivaecnnivia.lta,Mem·
933 3050 988 3104 set,
1007 3051 1037 3088 ιιι
1055 3036 1225 3089 librariorum
1246 3037 1329 3090 modo
1347 3057 1444 3094 errore

387 3114 477 3166 miano
494 3113 561 3166 Cod.
578 3126 727 3185 praeunte,
740 3113 889 3169 restitutum
934 3127 1001 3170 orta.

388 3212 438 3266 pro
447 3195 713 3267 ineptalibrariorum
725 3194 890 3246 correctione
968 3194 1057 3246 XLVI.
1074 3211 1095 3244 ι.
1111 3195 1273 3249 Postremo...
1290 3195 1444 3268 impetrauit.

387 3275 581 3346 intempestiua,
594 3294 651 3348 quie
663 3275 803 3347 plerosque
813 3273 890 3326 locos
934 3275 1135 3340 ct.1tio,t.1X,
1148 3273 1189 3329 25.
1201 3305 1238 3316 -
1250 3276 1292 3328 De
1303 3276 1383 3342 loco,
1396 3277 1447 3330 ubi

389 3354 493 3406 invasit.
514 3355 554 3406 De
574 3355 729 3426 tempestiuis
747 3355 890 3417 conviviis,
935 3352 1063 3406 turritilla
1072 3372 1088 3404 a
1098 3353 1162 3406 caio
1172 3367 1306 3410 exstructa
1316 3369 1372 3421 est,
1383 3355 1447 3410 vide

389 3430 443 3484 boc
460 3446 514 3499 eat,
529 3447 590 3485 ante
605 3431 700 3484 boram
714 3433 818 3487 solitam
838 3449 891 3484 οω-
934 3430 1448 3503 disputantesviroadootcsaduostrum

390 3529 446 3578 un,
459 3529 557 3563 nonam
569 3513 624 3564 fere
633 3511 675 3564 vel
687 3510 815 3564 decimam
826 3510 891 3576 diei,
934 3507 1033 3562 locum.
1047 3511 1183 3564 Fabricius
1201 3525 1293 3566 eutem
1311 3511 1348 3566 ed
1362 3515 1447 3568 Dion.

390 3592 522 3661 inceptis,
542 3608 601 3661 que
621 3604 647 3644 et
665 3592 892 3662 intemperentiam
939 3590 1045 3659 «Hujus
1055 3592 1133 3642 turris
1145 3609 1192 3643 seu
1204 3591 1296 3661 Phari,
1309 3594 1345 3646 ed
1356 3594 1448 3650 Bano-

391 3681 418 3722 ct
432 3671 552 3722 inertiam
566 3683 620 3722 tem
634 3683 735 3723 mature
747 3671 893 3724 comissan-
936 3669 1007 3720 niam
1033 3667 1122 3722 adbuc
1147 3672 1315 3740 superstitis,
1341 3673 1448 3743 efligies

391 3750 458 3800 tium
472 3747 669 3816 ostendebant,
678 3748 738 3804 vide
751 3752 822 3820 Lipa.
840 3751 893 3802 Ex·
938 3746 1011 3818 aputl
1023 3747 1208 3802 Montfaueon.
1228 3762 1294 3800 tem.
1310 3751 1356 3817 lv,
1369 3753 1449 3823 vSup-

393 3846 463 3880 cnrs.
485 3827 522 3880 ad
541 3830 625 3881 Tacit.
647 3828 745 3882 Annal.
766 3830 837 3892 XIV,
861 3846 892 3890 ις
937 3824 1096 3899 plem.Tab.
1112 3827 1178 3881 50..

391 3905 500 3960 Salmas.
512 3906 895 3980 achpisc.Flor.Vl;Frein·
973 3908 1074 3962 XLVII.
1098 3927 1119 3961 ι.
1141 3910 1313 3964 Rutilum...
1331 3929 1447 3966 comam.

392 3985 477 4040 them.
494 3988 529 4040 ad
543 3990 617 4042 Curt-
634 3993 667 4058 V,
682 4007 708 4060 7,
724 4003 751 4042 et
764 3990 815 4055 Vl,
831 4007 862 4050 2;
879 4008 893 4041 ο
937 3987 1074 4038 Germanis
1084 3988 1169 4052 enim,
1179 3990 1406 4046 ueracitcem.
1418 3993 1450 4058 4,

394 4067 895 4141 quibusSalmaairn,intempcsticacon·
941 4089 952 4112 ι
962 4079 1050 4117 truces
1059 4078 1085 4118 et
1094 4068 1199 4120 caerulei
1209 4069 1297 4136 oculi,
1307 4071 1395 4126 rutilae
1404 4091 1450 4122 co-

394 4147 479 4213 tivia,
493 4165 549 4218 que
561 4160 653 4200 nostro
662 4146 773 4220 aliisque
782 4146 848 4198 locis
860 4149 896 4198 fe·
939 4163 999 4211 run,
1016 4163 1112 4216 magna
1123 4165 1240 4220 corpora
1251 4161 1279 4202 et
1291 4161 1400 4206 tantum
1414 4149 1450 4206 ad

395 4240 456 4280 rnut
466 4229 538 4300 Lips.
550 4239 576 4280 et
585 4226 745 4280 Freinshem.
759 4245 819 4280 cum
831 4225 896 4280 mul·
940 4227 1067 4297 impetum
1078 4223 1196 4278 valida.-
