3076 5146
391 551 427 613 P.
452 548 690 612 TERENTll
715 548 840 614 VITA.
1078 554 1143 636 447

125 681 130 691 “
175 677 269 738 Hunc
282 671 438 754 adjutare,
453 671 635 753 assidueque
648 693 711 732 nna
725 673 870 734 scribere:
965 731 967 736 .

175 771 269 850 Quod
284 770 331 830 illi
346 769 546 832 maledictum
559 767 726 830 vehemens
740 771 930 846 existimant,

171 871 250 928 Eam
264 867 386 927 laudem
402 865 454 926 hic
468 865 553 925 ducit
566 866 750 940 maximam,
765 886 864 946 quum
875 865 937 927 illis
948 868 1062 950 placet,

174 965 236 1042 Qui
250 964 341 1024 vobis·
355 963 506 1022 universis
520 974 550 1021 et
563 960 682 1044 populo
696 960 833 1044 placent:

175 1063 318 1139 Quorum
333 1081 429 1143 opera
443 1061 477 1118 in
493 1059 591 1135 bello,
605 1060 640 1120 in
655 1060 732 1134 otio,
749 1061 782 1118 in
797 1064 936 1142 negotio,

177 1161 239 1220 Suo
255 1158 385 1240 quisque
398 1171 536 1238 ternpore
550 1176 622 1217 usus
635 1169 680 1218 est
693 1157 760 1216 sine
775 1158 927 1240 superbia.

97 1325 237 1394 Videtur
253 1340 367 1393 autem
386 1348 422 1394 se
438 1323 546 1392 levius
563 1321 773 1406 defendisse,
792 1327 870 1419 quia
886 1327 1027 1414 sciebat,
1046 1332 1148 1402 Laelio

98 1453 131 1502 et
148 1438 294 1528 Scipioni
312 1458 381 1502 non
399 1436 565 1526 ingratam
581 1457 654 1501 esse
673 1433 763 1500 hano
777 1437 989 1528 opinionem:
1010 1466 1086 1538 quae
1101 1461 1150 1512 m.

97 1572 176 1618 men
187 1549 294 1637 magis
307 1563 341 1614 et
353 1543 515 1640 usquead
528 1548 713 1638 posteriora
724 1561 880 1638 tempora
891 1549 1007 1620 valuit.

144 1663 206 1728 111.
223 1663 263 1744 Q.
277 1660 458 1726 Memmius
468 1659 504 1725 in
517 1659 669 1726 oratione
680 1681 742 1750 pro
755 1681 791 1725 se
802 1661 865 1726 ait:
883 1690 898 1720 a
910 1665 944 1727 P.
956 1665 1149 1757 Africanus,

98 1770 157 1864 qui
177 1792 198 1836 a
216 1770 375 1836 Terentio
396 1791 577 1859 personam
599 1760 793 1850 mutuatus,
815 1793 891 1863 quae
912 1771 1004 1842 domi
1024 1777 1152 1850 luserat

98 1881 188 1970 ipse,
214 1879 351 1948 nornine
373 1877 462 1948 illius
483 1881 519 1946 in
542 1900 678 1946 scenam
698 1875 853 1946 detulit.»
881 1886 994 1976 Nepos
1014 1907 1152 1962 auctore

99 2004 192 2058 certo
202 1990 407 2080 comperisse
417 2011 453 2054 se
465 1989 527 2071 ait,
540 1993 577 2057 G.
588 1985 730 2055 Laelium
741 1986 913 2083 quondam
922 1993 957 2060 in
966 1999 1153 2069 Puteolano
1189 2023 1194 2032 ’

100 2096 260 2166 Kalendis
278 2099 408 2166 Martiis
423 2095 636 2166 admonitum
650 2094 693 2164 ab
710 2119 832 2180 uxore,
848 2106 1032 2192 temporius
1048 2123 1088 2174 ut
1103 2109 1152 2176 di-

94 2209 306 2294 scumberet,
320 2211 456 2302 petiisse
472 2208 515 2276 ab
528 2231 585 2289 ea,
601 2230 644 2275 ne
656 2206 946 2300 interpellaretur:
961 2219 1069 2286 serius
1080 2213 1153 2290 tair-

99 2319 180 2390 dam
193 2325 383 2412 ingressum
394 2318 576 2388 triclinium
589 2317 731 2400 dixisse,
747 2344 816 2387 non
826 2344 917 2416 saepe
926 2327 962 2392 in
974 2328 1152 2402 scribendo

99 2437 208 2525 magis
227 2435 428 2500 successisse
449 2429 529 2498 sihi:
552 2429 673 2498 deinde
694 2447 867 2523 rogatum,
891 2452 930 2503 ut
952 2443 1076 2534 scripta
1096 2443 1152 2513 illa
1251 2483 1253 2491 ,

100 2545 285 2638 proferret,
304 2545 547 2638 pronunciasse
568 2567 702 2625 versus,
724 2547 783 2638 qui
801 2562 881 2614 sunt
899 2550 935 2615 in
955 2557 1153 2623 Heautonti-

100 2678 319 2723 morumeno:
364 2671 366 2678 ’

183 2826 258 2886 Satis
269 2825 325 2910 pol
336 2835 479 2910 proterve
491 2844 541 2883 me
552 2823 620 2906 Syri
631 2825 783 2908 promissa
794 2826 855 2889 huc
868 2828 1066 2896 induxerunt.

150 3015 208 3077 IV.
234 3014 352 3080 Santra
363 3013 560 3078 Terentium
574 3013 755 3095 existimat,
771 3017 799 3080 si
814 3015 915 3084 modo
928 3021 963 3085 in
976 3023 1153 3093 scribendo

101 3116 316 3214 adjutoribus
339 3121 535 3214 indiguerit,
559 3144 629 3190 non
651 3135 722 3192 tana
741 3125 894 3216 Scipione
920 3144 955 3194 et
977 3130 1080 3198 Laelio
1104 3136 1153 3201 uti

102 3233 273 3324 potuisse,
298 3233 356 3324 qui
379 3247 461 3298 tunc
483 3229 725 3299 adolescentuli
747 3233 856 3319 fuere,
883 3260 985 3330 quam
1008 3241 1156 3336 Sulpicio

103 3340 219 3423 Gallo,
240 3341 377 3409 homine
397 3339 513 3424 docto,
533 3358 566 3409 et
587 3343 645 3438 qui
663 3343 896 3414 consularibus
913 3348 1002 3419 ludis
1019 3356 1153 3424 initium

103 3454 220 3535 fecerit
239 3453 431 3520 fabularum
450 3452 655 3520 dandarum:
675 3452 730 3522 vel
747 3461 786 3542 Q.
807 3457 909 3526 Fabio
928 3461 1102 3553 Labeone,
1122 3487 1157 3538 et

103 3571 153 3634 M.
169 3565 329 3658 Popillio,
342 3565 512 3636 consulari
523 3581 683 3660 utroque,
695 3591 735 3638 ao
747 3585 855 3661 poeta.
867 3569 949 3638 Ideo
959 3575 1072 3666 ipsum
1086 3603 1155 3649 non

101 3675 246 3770 juvenes
262 3676 471 3769 designasse,
490 3680 549 3771 qui
566 3701 602 3745 se
618 3674 787 3770 adjuvisse
804 3679 1012 3768 dicerentnr3
1031 3686 1089 3755 sed
1110 3691 1157 3757 vi·

106 3812 180 3870 ros,
200 3812 346 3884 quorum
361 3812 499 3880 operam
514 3804 548 3856 et
560 3790 597 3855 in
610 3787 716 3870 bello,
732 3807 765 3857 et
778 3793 813 3858 in
828 3795 910 3879 otio,
927 3799 1008 3864 etin
1022 3806 1156 3893 negotio

106 3900 255 3994 populus
280 3903 323 3968 sit
346 3917 516 3994 expertus.
543 3907 622 3970 Post
648 3900 753 3974 editas
781 3907 977 3992 comoedias,
1003 3913 1156 3982 nondum

106 4014 264 4107 quintum
283 4027 385 4106 atque
403 4014 610 4082 tricesimum
629 4036 784 4106 egressus
801 4041 949 4100 annum,
969 4045 1070 4090 causa
1089 4027 1157 4092 evi-

108 4121 220 4190 tandae
234 4126 412 4215 opinionis,
422 4127 502 4219 quia
513 4123 688 4192 videbatur
699 4125 809 4193 aliena
818 4133 959 4220 prosuis
969 4130 1080 4216 edere,
1097 4161 1156 4204 seu

107 4236 315 4328 percipiendi
327 4239 522 4306 Graecorum
533 4240 700 4321 instituta,
711 4263 906 4334 moresque,
920 4267 1005 4337 quos
1016 4247 1157 4340 perinde
