3068 5144
369 577 436 660 ιιι
745 584 779 647 u
804 579 1036 647 sun‘rouu

364 729 431 800 que
447 710 661 801 exsuperavit
675 710 748 802 ipse
765 706 974 778 dedicatione
991 707 1153 803 putinael,
1172 687 1275 801 quam
1292 700 1335 770 ob
1348 703 1411 768 im·

363 839 516 885 mensam
535 816 801 910 magnitudinem
822 821 965 914 clypeum
982 820 1132 885 Miner-ve
1151 833 1299 909 ιιοιιούχου
1316 811 1410 879 dicti·

364 926 465 995 tabat.
497 935 536 996 ln
563 929 627 996 hac
653 954 825 999 scarorum
846 928 1015 1023 jocinore,
1037 929 1278 1023 phasianorum
1297 941 1332 993 et
1349 943 1411 1016 pa·

364 1061 491 1106 vonum
510 1038 692 1123 cerebella,
712 1041 843 1133 linguas
860 1041 1166 1134 phoenicopterum,
1184 1055 1412 1104 muraenarum

366 1143 484 1230 lactes,
495 1148 658 1216 aParthia
667 1150 957 1245 usque⁵fretoque
968 1151 1148 1242 Hispanico
1158 1141 1410 1241 pernavarchos

363 1281 403 1325 ac
418 1261 571 1327 triremes
589 1263 787 1352 petitarum,
805 1264 1023 1329 commiscuit
1041 1265 1087 1329 Ut
1097 1275 1210 1327 autem
1226 1256 1329 1325 homo
1343 1277 1411 1321 non

364 1368 542 1460 profundae
564 1369 682 1453 modo,
703 1370 792 1438 sed
784 1375 1028 1466 intempestivae
1048 1393 1185 1467 quoque
1206 1392 1247 1436 ac
1266 1363 1411 1435 sordidae

366 1477 471 1569 golae,
490 1504 533 1548 ne
554 1483 588 1548 in
607 1483 770 1550 sacrificio
789 1483 927 1578 quidem
945 1507 1111 1578 unquam,
1129 1483 1189 1549 aut
1205 1481 1325 1546 itinere
1340 1459 1412 1543 ullo

366 1593 579 1682 temperavit,
594 1594 677 1687 quin
690 1595 778 1660 inter
791 1592 911 1660 altaria
921 1593 1046 1661 ibidem
1058 1595 1170 1660 statim
1181 1593 1291 1658 viscus
1304 1603 1340 1655 et
1349 1586 1412 1654 lar

366 1723 420 1782 ra,
435 1723 532 1791 poene
549 1716 647 1793 rapta
662 1725 680 1767 e
696 1702 787 1785 foco,
802 1701 992 1785 manderet,
1007 1705 1162 1797 circaque
1177 1702 1307 1768 viarum
1318 1697 1414 1790 popi-

368 1835 429 1878 nas
445 1811 607 1880 lirmantie
622 1817 781 1906 opsonia,
797 1814 850 1883 vel
863 1814 1032 1908 pridiana,
1047 1831 1147 1907 atque
1162 1835 1302 1880 semesa.

413 1927 501 1990 XIV.
516 1929 643 1993 Pronus
654 1947 733 1994 vero
745 1924 788 1992 ad
798 1924 978 2020 cujusque,
989 1942 1023 1993 et
1032 1947 1233 2018 quacunque
1243 1921 1285 1989 de
1295 1941 1412 1999 causa,

367 2055 486 2100 necem
499 2049 600 2128 atque
616 2034 834 2127 supplicium,
854 2034 984 2102 nobiles
998 2040 1104 2117 viros,
1121 2029 1369 2123 corrdiscipulos
1380 2043 1414 2095 et

369 2143 515 2238 aequales
524 2127 632 2228 suco,
652 2146 809 2214 omnibus
831 2146 1000 2216 blanditiis
1019 2163 1151 2214 tantum
1167 2169 1237 2212 non
1251 2141 1294 2211 ad
1311 2143 1414 2209 socie-

368 2271 471 2322 tatem
488 2258 620 2348 imperii
639 2257 858 2342 allicefact03‚
877 2263 970 2327 vario
989 2283 1110 2352 genere
1128 2256 1253 2328 Fraudis
1269 2254 1413 2324 occidit:

370 2371 470 2434 etiam
485 2393 592 2436 unum
604 2395 750 2454 veneno,
762 2397 865 2439 manu
880 2397 941 2440 sua
953 2391 1108 2465 porrecto
1124 2374 1158 2439 in
1172 2393 1269 2466 aquae
1285 2365 1414 2459 frigidae

369 2478 520 2568 potione,
536 2504 638 2574 quarn
654 2482 682 2547 is
696 2481 839 2550 affectus
853 2482 945 2549 febre
960 2496 1169 2576 poposcerat.
1182 2485 1271 2547 Tum
1286 2478 1416 2545 fenera·

372 2601 485 2653 torum
501 2605 534 2654 et
550 2589 785 2682 stipulatorum
796 2608 819 2672 ¹,
834 2591 1173 2686 publicanorumque,
1189 2592 1247 2684 qui
1264 2611 1416 2682 unquam

373 2718 409 2763 se
425 2713 483 2764 aut
497 2701 611 2765 Rornae
625 2698 790 2782 debitum,
805 2717 864 2768 aut
879 2705 914 2769 in
927 2705 981 2770 via
995 2703 1181 2795 portorium
1195 2698 1416 2790 flagitassent,

372 2811 427 2878 vix
444 2809 504 2877 ulli
519 2814 679 2904 pepercit.
695 2817 744 2882 Ex
760 2813 882 2907 quihus
897 2815 1068 2910 quendam
1080 2818 1116 2882 in
1130 2818 1204 2907 ipsa
1217 2811 1416 2881 salutatione

373 3016 448 3048 coena
456 3000 586 3050 memoriae
597 2999 720 3052 mandata
730 3013 783 3067 est,
794 3019 874 3072 quarn
918 3005 1026 3056 materia
1035 3004 1143 3074 patine,
1153 3013 1277 3071 argentea
1285 2997 1326 3052 vel
1335 2996 1417 3061 fictili,

373 3079 399 3129 ei
406 3079 524 3132 Vitellius
535 3081 616 3131 irater
625 3078 759 3145 exhibuit,
769 3083 795 3131 in
806 3099 873 3153 quo,
919 3101 999 3154 quum
1009 3081 1165 3134 dissentiant
1174 3077 1326 3151 xiphilinus
1336 3091 1363 3129 et
1372 3076 1420 3128 Pti-

373 3177 453 3230 super
470 3172 571 3211 ceteros
589 3174 706 3226 sumtus,
725 3161 778 3212 duo
794 3161 872 3212 millio
917 3163 990 3227 nius,
1004 3161 1099 3212 frustra
1112 3158 1250 3212 laborarit.

373 3238 501 3308 piscium,
516 3253 617 3308 septem
632 3241 719 3291 avium
736 3238 815 3291 millia
829 3249 874 3310 dp·
954 3239 978 3292 5.
998 3241 1023 3292 A
1041 3239 1151 3291 Parthia
1169 3258 1254 3312 usque.
1270 3238 1310 3289 lta
1324 3237 1417 3309 optimi

373 3318 459 3387 posita
474 3317 623 3368 traduntur.
634 3341 645 3364 ι
789 3367 795 3382 ,
918 3318 986 3370 libri.
996 3319 1036 3370 ΔΙ.
1050 3339 1086 3371 ιιι
1095 3317 1234 3390 Caqratltio
1241 3335 1340 3387 utque,
1350 3329 1416 3368 ete.-

409 3395 435 3461 4.
455 3396 623 3448 Dedicatione
639 3396 747 3467 potinoe.
766 3398 806 3450 Cf.
825 3397 874 3448 Xi·
919 3397 1420 3468 Oudend.conjicitracorteieusque,·

374 3473 440 3604 phil.
454 3491 477 3524 o.
493 3473 518 3525 3.
532 3475 596 3526 Plio.
611 3477 675 3528 lliot.
691 3478 752 3528 Nat.
764 3477 875 3541 XXXV,
920 3476 993 3548 quod
1012 3476 1133 3548 probavit
1148 3475 1272 3527 Wollius.
1291 3475 1317 3527 Si
1335 3485 1388 3526 stat
1403 3493 1420 3525 ιι

379 3553 503 3624 ιι(46)ι
524 3554 691 3606 «Vitellius'
683 3575 710 3607 ιιι
725 3558 875 3627 principatu
921 3552 1421 3622 Parthia,extremiorhiellornaoilioet

376 3653 425 3687 tuo
439 3633 526 3686 decies
540 3634 589 3685 Hs
607 3634 727 3687 condidit
741 3638 876 3707 patinam,
921 3636 955 3687 ab
970 3647 1079 3687 auctore
1095 3636 1272 3696 nominentur,
1287 3645 1314 3685 et
1325 3632 1422 3706 petitu·

376 3711 559 3766 nonfacienda
574 3714 707 3766 ior-naxia
721 3735 820 3787 eampis
833 3735 878 3768 er
922 3733 977 3766 mm
995 3733 1048 3767 non
1066 3711 1356 3776 admuraenassolum,
1375 3709 1423 3764 sed

377 3793 503 3846 [edificata
515 3806 570 3844 erat
579 3812 729 3864 quomam
742 3814 773 3845 eo
787 3814 877 3864 perve
922 3812 982 3846 aves
995 3797 1075 3846 ettam
1087 3791 1267 3856 referendum
1282 3809 1340 3862 quae
1357 3791 1423 3861 pati·

378 3876 416 3926 nit
429 3872 548 3940 luxurias
558 3886 587 3923 ut
600 3875 677 3924 etiam
691 3874 777 3925 lictilia
793 3875 877 3945 pluris
923 3891 983 3924 narn
996 3872 1203 3943 compleverunt.

378 3965 513 4016 constent,
525 3969 604 4022 quarn
613 3951 758 4004 murrlrina.
770 3955 880 4023 l‘ropter
959 3951 1026 4002 XIV.
1044 3967 1066 4002 1.
1080 3951 1115 4002 Et
1126 3949 1316 4022 stipulatorum.
1330 3952 1369 4008 De
1379 3948 1425 4000 sti·

378 4031 449 4083 haue
472 4033 610 4082 Mucianus
635 4029 717 4082 altero
740 4031 880 4083 consulatu
922 4027 1072 4103 prelatione,
1090 4027 1282 4102 queomnibus
1298 4030 1384 4101 pactis
1399 4041 1426 4080 et

380 4131 430 4164 suo
445 4113 472 4163 in
486 4111 617 4163 concione
631 4111 799 4183 exprobravit
813 4113 883 4183 pati-
927 4109 1128 4176 oontractibus,
1149 4109 1269 4179 adeoque
1291 4110 1370 4160 etiam
1391 4105 1426 4161 de

382 4210 476 4243 uarum
490 4186 599 4261 'solades
609 4191 707 4242 Vitellii
719 4193 880 4243 memoria.»
927 4191 1040 4260 pecunia
1053 4203 1146 4244 mutuo
1160 4189 1237 4254 datu,
1251 4188 1348 4259 subjici
1361 4187 1429 4241 sole·

383 4267 450 4322 Vide
462 4270 618 4343 interpretes
630 4270 734 4324 adloca
745 4271 884 4348 citatasse
928 4268 990 4338 bat,
1011 4270 1069 4324 vide
1087 4272 1201 4325 brisson.
1220 4267 1253 4321 de
1272 4269 1359 4322 Fortu.
1377 4269 1429 4335 Vl,
