3076 5146
171 577 176 583 ,
254 510 315 574 DE
342 508 561 574 ILLUSTR.
588 507 777 572 GRAMM.
804 509 958 573 LIBER.
1069 513 1133 593 433
1224 590 1228 604 .

1 683 2 686 κ
84 659 175 718 rum,
190 652 286 704 utne
299 658 403 731 quern
417 634 563 727 amplius
576 633 718 728 posthac
732 633 937 728 discipulum
951 641 1132 731 reciperet:

83 747 263 841 docuitque
277 751 313 814 in
324 749 410 812 atrio
420 744 572 812 Catilinae
584 743 723 824 domus,
739 767 815 848 quae
830 769 907 837 pers
923 745 1038 815 Palatii
1053 763 1135 817 tunc

83 874 168 937 erut,
184 874 220 926 et
233 860 386 926 sestertia
400 871 541 924 centena
552 857 586 922 in
600 879 728 922 annum
740 859 881 949 accepit.
897 860 1047 926 Decessit
1057 877 1133 927 aeta-

83 971 123 1037 tis
139 985 283 1051 exactae,
299 968 363 1036 sub
381 966 528 1035 Tiberio.
545 969 693 1034 Statuam
711 965 813 1033 habet
828 970 1014 1053 Praeneste,
1032 973 1067 1036 in
1085 975 1134 1037 in-

84 1079 204 1148 feriore
219 1082 296 1146 Fori
310 1095 422 1171 parte,
437 1091 555 1145 contra
569 1073 825 1169 hemicyclium:
845 1079 880 1143 in
895 1100 963 1173 quo
977 1080 1098 1164 hstos,
1114 1106 1133 1148 a

82 1213 116 1256 se
130 1189 322 1271 ordinatos,
337 1205 371 1256 et
383 1210 573 1256 marmoreo
586 1190 705 1280 parieti
716 1188 839 1254 incisos
850 1198 871 1268 ¹,
887 1188 1084 1280 publicarat.

126 1305 251 1368 XVIII.
268 1304 304 1367 L.
318 1304 518 1382 CurssrrmS,
531 1322 653 1390 genere
664 1299 883 1383 Tarentinus,
898 1299 1024 1368 ordinis
1036 1301 1134 1370 liher-

83 1413 160 1493 tini,
174 1413 375 1502 cognomine
385 1397 554 1490 Pleiones,
564 1432 644 1475 mox
654 1413 786 1475 Pansnn
800 1431 835 1476 se
846 1413 1133 1480 transnominavit.

82 1525 143 1592 Hic
161 1525 261 1591 initio
276 1525 364 1591 circa
381 1545 516 1591 scenam
532 1536 685 1589 versatus
702 1537 767 1605 est,
785 1519 867 1588 dnm
884 1503 1135 1617 mimographus

81 1631 236 1725 adjuvat:
257 1633 379 1702 deinde
393 1636 429 1700 in
446 1631 602 1726 pergula¹
623 1631 753 1715 docuit,
771 1630 879 1699 donec
893 1639 1135 1702 commentario

82 1746 236 1839 Smyrnae
248 1744 356 1814 edito²
368 1742 454 1811 adeo
463 1742 640 1824 inclaruit,
652 1759 691 1809 ut
702 1741 774 1810 haec
786 1741 829 1809 de
839 1766 879 1811 eo
891 1743 1136 1813 scriberentur:

208 1917 270 1975 Uni
283 1914 429 1978 Crassitio
442 1937 473 1976 se
487 1916 607 1977 credere
619 1917 750 1998 Smyrna
763 1916 923 1996 probavit:

243 2013 395 2087 Desinite,
409 2011 539 2087 indocti,
554 2011 701 2094 conjugio
715 2009 797 2071 hanc
811 2025 922 2093 petere.

205 2107 268 2168 Soli
285 2107 430 2168 Crassitio
445 2129 475 2167 se
488 2108 566 2167 dixit
581 2107 698 2168 nubere
710 2105 804 2167 velle:
865 2107 867 2114 '

245 2205 359 2266 Intima
377 2205 427 2268 cui
443 2205 503 2266 soli
519 2217 663 2266 nota'sua
677 2205 853 2264 exstiterint.

83 2368 145 2436 Sed
163 2392 274 2464 quum
290 2367 445 2436 edoceret
458 2365 528 2460 jam
542 2366 669 2435 multos
682 2392 721 2434 ac
734 2367 881 2454 nobiles,
895 2371 932 2434 in
945 2369 997 2438 his
1010 2372 1139 2440 Iulium

85 2481 290 2562 Antonium,
309 2480 493 2546 Triumviri
513 2475 637 2556 filium,
660 2494 700 2543 ut
721 2481 842 2546 Verrio
866 2503 1001 2573 quoque
1023 2480 1140 2551 Flacco

85 2604 358 2686 compararetur,
387 2585 525 2654 dimissa
551 2603 689 2680 repente
716 2586 847 2669 schola,
873 2593 1006 2658 transiit
1030 2592 1072 2660 ad
1089 2599 1138 2679 Q.

84 2703 188 2772 Sextii
202 2699 394 2795 philosophi
411 2715 548 2767 sectam.

128 2817 222 2882 XIX.
250 2815 440 2881 Scarnouuts
458 2819 686 2893 Aeunoorsrus,
703 2811 822 2879 Orbilii
841 2836 959 2881 servus
975 2831 1077 2908 atque
1091 2817 1141 2885 di-

85 2923 256 3026 scipulus,
274 2949 354 2992 mox
369 2948 389 2990 a
405 2922 595 3006 Scribonia,
611 2922 750 3020 LIbonis
767 2923 852 3006 lilia,
870 2950 947 3020 quae
965 2930 1059 3021 prior
1075 2935 1142 2996 hu-

84 3040 177 3132 gusti
189 3060 276 3104 uxor
289 3037 416 3117 fuerat,
430 3035 603 3103 redemtus
616 3051 649 3102 et
663 3039 910 3120 manumissus,
924 3037 1055 3122 docuit,
1072 3064 1140 3133 quo

85 3151 244 3229 Verrius,
260 3163 429 3240 tempore,
447 3141 544 3237 cujus
560 3147 661 3212 etiam
674 3144 768 3212 libris
785 3146 822 3210 de
838 3146 1072 3241 Orthoqraphia
1090 3173 1141 3216 re-

86 3257 235 3349 scripsit,
246 3278 316 3323 non
327 3256 399 3322 sine
409 3255 628 3321 insectatione
639 3252 829 3321 studiorum
840 3279 1042 3352 morumque
1054 3254 1139 3350 ejus.

131 3371 206 3436 XX.
233 3370 270 3432 C.
287 3372 403 3435 Juurus
420 3370 584 3448 Hrcruus,
601 3367 742 3457 Augusti
756 3364 916 3452 libertus,
932 3370 1068 3436 natione
1085 3372 1142 3438 Hi-

86 3503 215 3572 spanus
232 3479 310 3566 (etsi
327 3476 482 3544 nonnulli
496 3475 762 3545 Alexandrinum
777 3494 914 3571 putant,
931 3496 965 3546 et
977 3505 998 3546 a
1011 3484 1142 3550 Caesare

122 3737 206 3802 XYII.
227 3754 249 3789 ι.
268 3737 303 3790 In
320 3736 444 3808 inferiore
458 3735 519 3787 Feri
532 3753 595 3805 par·
675 3735 765 3787 XVIII.
782 3751 802 3785 ι.
816 3735 851 3784 In
860 3733 979 3806 perpula.
991 3734 1031 3786 cf.
1043 3734 1077 3787 ad
1088 3738 1143 3788 Au·

88 3831 165 3872 tc...
182 3817 282 3871 incisos.
295 3819 457 3888 Pogginius,
474 3816 519 3888 qui
532 3815 594 3866 illu·
639 3826 708 3884 gust.
721 3831 780 3883 cap.
794 3813 837 3883 94.

89 3899 183 3950 stravit
198 3897 291 3948 Festos
305 3896 492 3961 Prrenestinos,
507 3910 538 3943 ex
552 3894 595 3944 tri·
677 3910 701 3943 n.
720 3892 809 3943 Donec
823 3893 1010 3943 commentario
1024 3893 1142 3964 Smyrnae

88 3977 141 4028 bus
153 3973 240 4028 Godd.
257 3977 342 4028 Vatic.
356 3975 427 4027 hanc
440 3975 592 4025 varietatem
639 3972 723 4037 edito,
742 3984 793 4022 etc.
808 3968 860 4021 hoc
872 3983 927 4036 est,
945 3968 1095 4036 ὁπομιῆμυι
1109 3971 1143 4024 de

89 4052 199 4108 attulit:
222 4056 272 4106 «in
292 4055 422 4126 superiore
439 4053 502 4104 Fori
520 4064 594 4122 parte
639 4049 706 4101 urbe
723 4050 834 4121 Smyrna
847 4047 978 4119 rebusque
997 4049 1143 4123 Smyrnaeo-

88 4137 159 4188 circa
173 4133 357 4207 hemicyclium
374 4133 499 4185 mannon'
513 4133 596 4201 perite
640 4147 715 4196 rum,
734 4127 806 4200 quod
820 4141 894 4199 patet
909 4144 939 4178 ex
957 4125 1049 4178 ultimo
1066 4147 1142 4179 versu

89 4217 198 4268 incisos.
210 4238 221 4262 ι
235 4217 294 4266 IIoc
307 4212 407 4285 probet
417 4208 542 4265 wolfius.
641 4210 775 4279 poematii.

187 4306 232 4368 II.
623 4376 632 4390 ι
959 4299 1000 4360 28
