3048 5142
302 3525 306 3535 ¹
367 3509 738 3564 Taliacalieolaeeasurotriatiaregno

367 505 432 589 264
742 505 778 568 e.
804 505 1036 570 surrouu

362 631 504 716 Monile,
521 635 708 726 margaritis
721 634 928 726 gemmisque
943 646 1150 712 consertum,
1161 631 1205 698 ad
1217 631 1402 702 ornandam

364 747 548 812 Fortunam
563 768 660 811 suam
671 743 936 825 Tusculanam2,
949 766 990 809 ex
1000 744 1092 808 omni
1105 766 1185 834 gaza
1197 761 1402 813 sacraverat:

363 854 399 922 id
410 871 563 946 repente,
573 856 670 949 quasi
681 857 871 944 augustiore
886 850 1018 944 dignius
1030 852 1106 920 loco
1119 905 1127 934 ,
1140 854 1337 946 Capitolinae
1347 861 1405 922 Ve-

363 967 437 1032 neri
449 963 633 1032 dedicavit:
650 988 689 1032 ac
701 967 853 1057 proxima
870 979 967 1031 nocte
984 966 1161 1031 somniavit
1175 968 1323 1058 speciem
1333 971 1405 1033 For-

363 1094 456 1146 tunae
470 1059 657 1170 querentis,
672 1076 860 1144 fraudatam
879 1100 915 1144 se
929 1075 1019 1144 dono
1039 1074 1218 1158 destinato,
1238 1080 1405 1146 minantis·

364 1211 445 1280 que,
461 1204 652 1279 erepturam
664 1204 697 1254 et
712 1188 836 1279 ipsam,
849 1209 925 1279 quae
936 1185 1093 1254 dedisset.
1106 1189 1288 1281 Quumque
1305 1204 1406 1255 exter·

363 1300 463 1379 ritae,
487 1296 561 1364 luce
579 1299 689 1389 prima
707 1295 752 1363 ad
771 1293 974 1388 expiandum
998 1298 1185 1376 somnium,
1206 1298 1402 1388 praemissis,

363 1411 423 1502 qui
442 1433 514 1475 rem
531 1406 680 1476 divinam
697 1422 913 1501 appararent,
937 1406 1123 1474 Tusculum
1143 1410 1404 1492 excucurrisset,

361 1517 447 1586 nihil
461 1521 587 1588 invenit
602 1535 725 1612 praeter
738 1517 886 1611 tepidam
900 1521 935 1584 in
947 1541 1004 1584 ara
1015 1515 1180 1600 favillam,
1193 1533 1405 1612 atratumque

360 1621 458 1718 juxta
469 1652 584 1696 senem
598 1630 633 1695 in
653 1630 762 1696 catino
778 1630 883 1695 vitreo
901 1627 980 1694 thus
998 1643 1186 1710 tenentem,
1203 1643 1237 1694 et
1253 1630 1288 1694 in
1305 1629 1405 1697 calice

361 1739 456 1807 fictili
467 1763 607 1808 merum.
622 1741 847 1808 Observatum
862 1741 961 1806 etiam
976 1755 1044 1820 est,
1062 1736 1220 1806 Kalendis
1238 1743 1405 1808 Januariis
1482 1768 1485 1774 ·

363 1849 563 1919 sacrificanti
576 1875 734 1918 coronam
747 1850 908 1943 decapite
923 1847 1121 1931 excidisse3,
1139 1851 1325 1941 auspicanti
1339 1851 1406 1943 pul·

363 1958 414 2028 los
437 1960 627 2028 avolassel:
649 1961 838 2053 adoptionis
864 1957 933 2042 die,
956 1983 1065 2052 neque
1081 1957 1201 2026 milites
1218 1958 1406 2028 allocuturo

365 2087 569 2139 castrensem
582 2068 699 2139 sellam
714 2071 757 2139 de
768 2095 861 2138 more
876 2072 1021 2163 positam
1033 2092 1094 2162 pro
1110 2070 1284 2152 tribunali,
1297 2070 1405 2138 oblitis

363 2183 541 2262 ministris,
563 2199 596 2250 et
607 2185 642 2248 in
655 2184 778 2250 Senatu
794 2179 945 2249 curulem
961 2203 1117 2272 perverse
1129 2179 1337 2248 collocatam.

410 2296 498 2358 XIX.
524 2295 619 2360 Prius
632 2317 725 2374 vero,
739 2317 841 2387 quam
852 2290 1076 2372 occideretur,
1089 2289 1333 2360 sacrificantem
1345 2313 1408 2358 ma·

364 2423 408 2468 ne
420 2401 589 2494 haruspex
601 2402 784 2471 identidem
799 2404 931 2469 monuit
940 2411 962 2483 ¹,
976 2417 1108 2468 caveret
1119 2399 1325 2492 periculam:
1339 2425 1407 2469 noa

404 2622 427 2655 a.
444 2605 583 2656 Fortunam
596 2625 667 2658 suam
679 2607 862 2658 Tusculanam.
910 2623 983 2658 naar.
997 2604 1095 2658 foedum
1106 2605 1234 2658 imbribus
1241 2604 1326 2672 diem,
1339 2609 1407 2658 toni-

366 2681 434 2733 Vide
450 2701 549 2752 supra,
571 2703 631 2755 cap.
647 2685 671 2750 4.
694 2686 757 2736 Mox
770 2684 862 2737 vocab.
910 2699 969 2738 trua
986 2699 1012 2738 et
1032 2687 1141 2757 fulgura
1160 2699 1186 2738 et
1202 2685 1318 2740 celestes
1333 2689 1407 2739 mina.

366 2761 587 2832 repeatedubium
597 2763 865 2830 videbaturMullero,
910 2764 978 2816 altra
993 2764 1098 2817 solitum
1114 2764 1292 2817 turbaverant.
1310 2766 1408 2818 Obser-

366 2843 533 2912 eonjicienti‚
548 2844 584 2895 rei
594 2845 722 2916 paenitens
734 2844 775 2897 vel
789 2864 815 2897 re
828 2863 866 2896 ra·
910 2856 998 2894 vatum
1013 2841 1039 2893 id
1055 2844 1202 2914 antiquitus
1221 2844 1334 2894 comitiis
1348 2843 1409 2896 diri·

365 2933 467 2993 putata.
911 2924 1012 2975 mendis
1031 2943 1086 2976 nou
1100 2925 1193 2977 terruit
1210 2923 1336 2989 Galbam,
1356 2943 1408 2995 quo

402 3005 427 3058 3.
438 3002 603 3077 Sacrificouti
611 3023 733 3058 coronam
742 3044 750 3072 ,
758 3019 808 3058 ete.
821 3007 867 3056 Ca·
910 3007 997 3056 minus
1007 3007 1034 3056 in
1046 3017 1130 3056 eastra
1143 3019 1277 3076 pergeret,
1291 3021 1410 3057 contem·

366 3085 719 3158 ducunauuspt'ciumdictum
725 3087 864 3138 veteribus.
911 3097 994 3134 torem
1005 3082 1096 3135 talium
1104 3121 1112 3149 ‚
1120 3097 1149 3134 ut
1157 3081 1342 3148 fortuitorum,
1353 3101 1410 3150 seu,

365 3167 404 3218 lta
418 3165 451 3217 de
462 3185 522 3238 rege
534 3163 652 3238 Syphace
666 3166 710 3220 Sil.
723 3165 780 3218 ltal.
793 3167 865 3230 XVI,
912 3181 969 3234 quae
985 3163 1040 3215 fato
1055 3177 1174 3228 maneat,
1196 3163 1315 3235 quamvis
1329 3164 1410 3232 signi·

369 3245 436 3297 268:
911 3241 1003 3302 ficata,
1021 3261 1075 3294 non
1090 3243 1234 3293 vitantur·
1256 3241 1335 3294 cont.
1350 3241 1410 3293 Plu·

366 3329 476 3384 Vittaque,
488 3331 589 3385 majorum
601 3327 734 3380 decoramen,
746 3331 813 3372 lronte
824 3329 867 3370 sins
911 3321 995 3372 tarch.
1008 3339 1067 3392 cap.
1080 3321 1121 3372 ²3.

435 3387 478 3429 ⁰¹¹⁰
623 3451 628 3460 ¹
780 3452 785 3461 ¹
946 3400 1015 3450 xlx.
1039 3416 1059 3449 t.
1079 3396 1312 3470 sacrificarem...
1331 3399 1410 3450 liant·

366 3448 451 3504 Delapsa
458 3459 546 3500 attacta,
554 3449 638 3492 nudavit
645 3460 737 3506 tempora
745 3465 803 3505 regu.
910 3495 998 3549 span.
1010 3477 1125 3542 monuit,
1138 3489 1187 3526 etc·
1197 3477 1282 3528 Tacit·
1291 3495 1352 3547 cap·
1363 3493 1409 3546 ψ

367 3569 429 3622 Signa
438 3568 525 3618 dabant,
535 3569 620 3625 saevique
629 3568 713 3611 aderant
723 3572 867 3624 antinomias
914 3579 925 3601 ⁸
934 3557 1016 3607 xvlll
1034 3556 1093 3607 Kfll·
1112 3555 1237 3607 Februa?-
1253 3557 1411 3608 sacriflfflll

433 3625 477 3668 aa.
910 3652 959 3706 pro
970 3632 1025 3685 aede
1036 3635 1167 3707 Apollinis
1178 3634 1267 3687 Galbae
1278 3634 1411 3707 haruspex

403 3705 427 3772 4.
437 3706 666 3778 Avolarsepallm5
676 3711 867 3780 aufugisselta
910 3712 1059 3766 Umbricius
1076 3714 1157 3768 tristia
1173 3725 1232 3766 exta
1247 3726 1274 3767 et
1287 3717 1411 3768 instantes

367 3785 473 3836 Momm.
490 3800 515 3836 et
528 3789 643 3856 optimas
659 3792 771 3860 quisque
786 3789 866 3841 Codi-
911 3792 1229 3847 insidiosacclomestieum
1239 3795 1337 3847 hostem
1347 3815 1411 3868 prae·

366 3855 866 3938 eum.Al.evolasse,quodtemerede'·
910 3867 1409 3944 dicit3audienteOthone(namproxi-
1500 3889 1504 3900 '

366 3943 449 3994 tendit
462 3945 602 3996 Burmann.
622 3947 735 3999 Evolore
748 3951 814 3999 enim
828 3963 867 4002 est
911 3968 968 4000 mus
982 3949 1146 4022 adstiterat),
1159 3950 1238 4023 idque
1254 3967 1282 4003 ut
1296 3953 1410 4006 laetume

365 4023 394 4072 ia
413 4022 498 4074 altum
520 4023 620 4088 volare,
641 4028 667 4076 in
690 4045 743 4097 quo
764 4027 866 4078 nullum
911 4029 1063 4096 contrario,
1086 4044 1112 4080 et
1132 4031 1186 4080 saia
1205 4031 1410 4100 cogitationibus

304 4139 308 4152 .
367 4103 525 4176 prodigium.
546 4135 582 4145 -—
603 4107 641 4156 De
660 4105 805 4176 adoptionis
825 4108 867 4159 die
911 4110 1411 4180 prosperunrinterpretante.nCl.l‘lu-

366 4179 450 4231 Tacit.
460 4201 518 4254 cap.
534 4183 576 4234 ¹8:
593 4185 741 4250 «Quartum
752 4185 866 4238 ldusJa-
913 4185 994 4238 tarch.
1011 4207 1069 4258 cap.
1085 4189 1130 4255 245
1143 4189 1211 4240 infra
1223 4189 1323 4242 Othfi.
