3076 5146
464 533 786 606 DOMITIANUS.
1088 539 1152 629 387
1239 621 1244 630 ¹

107 657 330 752 deperditam,
350 656 577 752 repudiavit⁶;
599 659 754 752 ‘intraque
774 658 877 728 breve
897 676 1032 755 tempus
1053 665 1158 758 impa-

106 772 191 838 tiens
212 766 361 852 discidii,
382 769 479 862 quasi
501 765 704 860 efflagitante
724 767 870 862 populo,
894 769 1038 840 reduxit.
1062 777 1158 844 Circa

105 879 430 950 administrationem
451 894 565 947 autem
585 880 717 971 imperii
738 866 953 974 aliquamdiu
969 905 1005 950 se
1025 886 1157 953 varium

104 991 500 1083 praestitit,mixturaque
509 985 855 1083 aequabili⁷vitiorum
865 1005 966 1084 atque
976 994 1155 1064 virtutum:

104 1099 213 1171 donec
231 1102 373 1170 virtutes
390 1124 526 1194 quoque
544 1102 579 1168 in
596 1102 675 1170 vitia
691 1098 845 1168 deflexit:
863 1117 1031 1196 quantum
1047 1100 1159 1196 conje-

105 1226 195 1278 ctare
212 1208 309 1293 licet,
330 1233 434 1304 super
453 1211 579 1302 ingenii
599 1226 771 1294 naturam,
790 1211 904 1303 inopia
923 1235 1044 1304 rapax,
1062 1231 1157 1282 metu

105 1343 226 1390 saevus.
1066 1363 1068 1370 ι

149 1434 208 1498 Ν.
235 1428 432 1524 Spectacula
447 1427 582 1498 assidue
597 1427 776 1522 magnilica
791 1446 826 1498 et
840 1447 1016 1504 sumtuosa
1033 1432 1157 1518 edidit,

104 1564 173 1610 non
184 1544 221 1610 in
236 1539 491 1633 Amphitheatro
503 1540 622 1622 modo,
639 1565 760 1608 verum
771 1557 806 1610 et
816 1545 853 1616 in
867 1543 985 1612 Circo:
1003 1542 1062 1610 nbi
1073 1569 1159 1637 prte-

105 1668 155 1718 ter
166 1649 351 1720 sollemnes
362 1649 517 1742 bigarum
531 1647 839 1745 quadrigarumque
851 1675 988 1737 cursus,
1000 1654 1158 1746 praelium

104 1764 201 1832 etiam
215 1759 357 1854 duplex,
372 1777 526 1856 equestre
538 1787 577 1830 ac
587 1760 760 1854 pedestre,
773 1765 958 1832 commisit¹
972 1790 979 1830 :
994 1779 1028 1831 at
1036 1768 1071 1832 in
1084 1772 1159 1834 Am·

13 1920 16 1926 ·
104 1872 299 1968 phitheatro
317 1872 434 1940 navale
452 1869 599 1970 quoque.
622 1877 708 1940 Nam
728 1877 925 1942 venationes
943 1873 1158 1968 gladiatores·

105 2009 189 2079 que,
205 1999 242 2069 et
253 1981 429 2052 noctibus²
443 1982 486 2051 ad
498 1982 708 2078 lychnuchos
722 2010 729 2050 :
745 2007 809 2052 nec
819 1987 971 2052 virorum
982 1986 1160 2090 modopu.
1231 2073 1234 2082 y

104 2121 204 2188 gnae,
229 2093 290 2164 sed
309 2109 343 2162 at
359 2095 598 2164 feminarum&
619 2101 784 2164 Praeterea
802 2099 990 2190 quaestoriis
1008 2104 1158 2168 muneri-

54 2211 56 2215 ’
105 2205 211 2291 hust,
226 2229 304 2301 quae
315 2204 396 2273 olim
408 2207 533 2273 orrrissa
544 2207 833 2289 revocaverat,ita
843 2230 978 2301 semper
989 2210 1159 2296 interfuit,

105 2333 143 2388 ut
152 2315 286 2410 populo
294 2331 495 2408 potestatem
503 2315 629 2386 faceret
639 2316 719 2385 hina
730 2320 925 2410 pariaesuo
935 2316 1161 2412 ludo⁵postn·

106 2427 221 2512 laudi,
247 2451 354 2524 eaque
377 2429 560 2496 novissima
581 2427 690 2495 aulico
713 2444 878 2520 apparatu
901 2427 1087 2499 induceret.
1111 2437 1159 2500 Ac

106 2562 165 2632 per
178 2562 282 2608 omne
299 2535 519 2630 gladiatorum
537 2536 768 2630 spectaculum
785 2537 984 2631 antepedes
1003 2540 1033 2606 ei
1049 2539 1161 2609 stabat

106 2649 272 2744 puerulus
289 2653 495 2731 coccinatus,
512 2673 616 2742 parvo
634 2664 898 2744 portentosoque
913 2651 1060 2742 capite⁶,
1079 2675 1157 2720 cum

106 2783 173 2854 quo
189 2758 378 2854 plurimum
392 2758 621 2842 fabulabatur,
636 2783 884 2855 nonnunquam
897 2763 997 2828 serio.
1014 2759 1158 2830 Auditus

109 2886 159 2939 est
170 2887 281 2952 certe,
295 2867 378 2936 duni
390 2893 432 2936 ex
443 2892 483 2938 eo
495 2871 635 2964 quaerit,
654 2869 802 2966 «ecquid
814 2873 930 2952 sciret,
943 2894 1004 2939 cur
1017 2870 1098 2940 sibi⁷
1111 2876 1159 2941 vi·

140 3034 166 3086 6.
193 3033 358 3105 Repudiavt't.
384 3032 505 3084 Paridem
532 3035 612 3086 etiam
691 3034 718 3086 3.
736 3034 788 3087 Sed
799 3044 825 3086 et
833 3033 1009 3104 femiminam.
1028 3033 1157 3104 xiphilin.

108 3112 238 3168 occidisse
256 3115 292 3166 ait
308 3111 437 3185 Xiphilio.
454 3111 516 3166 loco
531 3131 611 3186 supra
656 3131 714 3183 cap.
727 3115 772 3163 cit.
788 3111 827 3162 De
834 3112 999 3182 feminarum
1012 3115 1110 3187 pugnis
1120 3117 1159 3168 vi·

108 3194 152 3246 cit.
655 3189 689 3242 de
702 3191 774 3261 Lips.
791 3188 825 3240 ud
838 3190 922 3242 Tacit.
934 3189 1029 3241 Annal.
1043 3191 1100 3256 XV,
1112 3191 1156 3244 32.

142 3291 168 3344 7.
188 3271 357 3346 Mixarraque
370 3270 503 3345 oequuhilt'.
522 3273 560 3324 lta
570 3271 611 3321 Li·
691 3270 717 3337 4.
739 3268 883 3339 Quoeston'ir
900 3269 1058 3324 muneribus.
1077 3271 1156 3324 Conf.

107 3354 181 3424 psius
206 3366 233 3404 et
253 3351 375 3406 wolfius.
397 3351 475 3422 Vulq.
497 3351 611 3403 mixtura
655 3346 750 3400 Claud.
766 3364 825 3418 cap.
841 3345 883 3413 24.

107 3450 210 3504 quoque
217 3428 613 3504 oequahili.0utlendorpiopla-
692 3427 717 3482 5.
736 3428 761 3478 Ε
773 3445 819 3481 ruo
835 3425 911 3489 ludo,-
924 3424 1096 3497 gladiatorio,
1111 3429 1158 3482 ubi

108 3516 161 3566 cuit
173 3514 287 3566 aliorum
302 3514 415 3566 mistura
430 3529 511 3582 prope
523 3528 612 3583 oequa·
655 3507 862 3575 jnstituebantur
873 3503 1044 3578 gladiatores.

109 3593 168 3659 hili,
184 3595 242 3662 jure
256 3592 425 3663 improbante
436 3590 545 3645 Wolfio.
691 3586 717 3638 6.
736 3588 823 3638 Parvo
842 3597 1043 3658 portentosoque
1063 3591 1155 3661 capite.

142 3673 187 3723 tv.
205 3690 226 3724 ι.
241 3671 366 3724 Puellam
378 3671 486 3722 etiam...
501 3668 610 3722 commi·
654 3671 731 3722 lione
742 3667 861 3719 ordinem
872 3685 887 3719 e
897 3665 971 3718 libris
980 3669 1158 3722 restituitOu·

108 3752 147 3804 sit.
164 3751 206 3803 ef.
224 3749 323 3821 Xiphil.
339 3749 446 3814 van,
464 3749 489 3800 8.
507 3747 546 3800 De
563 3767 611 3799 na·
654 3746 784 3818 dendorp.
802 3745 881 3816 anq.
897 3757 1045 3818 portentoso
1061 3765 1157 3820 paruo·

109 3831 157 3884 tali
170 3830 262 3904 praelio
278 3831 305 3884 in
317 3827 537 3903 Amphitheatro,
552 3828 610 3884 vide
654 3845 712 3900 que.
721 3827 858 3880 Ernestius
870 3822 1069 3896 suadetpravo,
1081 3839 1107 3877 et
1116 3828 1157 3878 in·

109 3911 159 3964 Tit.
170 3929 230 3981 cap.
242 3927 266 3980 7.
655 3905 748 3977 telligit
761 3917 883 3969 erutum,
896 3902 979 3970 ςοξὸι.

144 4007 170 4040 a.
188 3989 225 4040 Et
242 3986 369 4052 noctibas,
383 3999 434 4038 etc.
451 3986 492 4038 cf.
508 3983 607 4057 xiphil.
690 4001 714 4056 7.
727 3984 836 4048 Cursihi
848 3985 929 4036 ubam
939 3993 1007 4035 esset.
1018 3983 1056 4034 lta
1067 3981 1157 4051 legen·

109 4063 609 4138 cap.cit.Delychnuchis‚quibushoc
653 4060 1156 4126 dumceusuittumebltdvers.xxn,

111 4150 187 4200 etiam
200 4145 261 4202 loco
275 4145 383 4217 lychm
399 4145 610 4212 substituerunt,
658 4144 706 4210 16,
725 4158 751 4196 et
770 4155 892 4196 annuunt
909 4139 994 4194 Codd.
1014 4139 1080 4192 Vide
1098 4140 1156 4192 On·

1 4265 2 4298 ;
81 4291 83 4298 Ι
111 4226 214 4280 vidend
225 4225 345 4293 Coassp
655 4223 786 4293 dendorp.
798 4217 1060 4292 Vulg.·etquidsibi
1071 4219 1155 4272 visum

948 4308 1001 4374 25.
