3048 5142
384 518 449 584 260
756 522 791 584 C.
819 520 1051 586 SUETONII
1088 531 1092 540 '

383 649 530 718 curiam⁵
544 647 642 740 adjici
654 647 889 740 precantibus,
902 673 971 717 non
981 649 1083 717 modu
1095 655 1244 742 negavit,
1260 652 1425 722 sedetiam

381 782 578 826 concessum
589 757 758 824 aclaudio
770 741 1009 842 beneficium⁶,
1022 784 1065 826 ne
1077 760 1189 827 hieme
1200 764 1363 856 initioque
1374 787 1426 832 an·

381 870 416 932 ni
429 863 704 957 adjudicandum
718 886 954 950 evocarentur,
968 872 1101 961 eripuit.

427 982 496 1045 XV.
509 978 772 1046 Existimabatur
782 983 882 1046 etiam
891 983 1056 1048 senatoria
1066 998 1099 1048 et
1108 983 1293 1074 equestria¹
1303 983 1423 1064 officia,

380 1091 505 1160 biennii
525 1094 634 1184 spatio
653 1091 956 1176 determinaturus,
975 1118 1038 1162 nec
1055 1092 1212 1174 daturus',
1232 1096 1297 1162 nisi
1312 1098 1424 1162 invitis

378 1225 417 1268 ac
429 1199 670 1274 recusantibus.
684 1201 914 1269 Liberalitates
928 1205 1104 1285 Neronis²,
1118 1227 1186 1270 non
1198 1202 1276 1295 plus
1286 1204 1423 1272 decimis

379 1313 560 1392 concessis,
572 1336 634 1404 per
652 1314 895 1406 quinquaginta
914 1317 1051 1408 Equites
1072 1320 1241 1383 Romanos
1260 1341 1300 1383 ea
1315 1317 1424 1384 condi·

378 1426 468 1490 tione
478 1421 683 1489 revocandas
696 1425 826 1490 curavit
835 1423 1098 1516 exigendasquc,
1112 1441 1210 1518 utet,
1223 1426 1251 1492 si
1262 1425 1344 1519 quid
1354 1449 1421 1494 sce

413 1602 437 1653 5.
459 1601 562 1651 Sextum
581 1599 727 1668 decuriam,
747 1613 795 1652 etc.
811 1601 878 1652 Vide
921 1605 992 1653 mani
1007 1603 1155 1673 praepositi,
1169 1621 1267 1654 novum
1282 1605 1365 1655 officii
1378 1623 1423 1674 ge·

376 1682 411 1734 ad
425 1685 535 1751 August.
551 1683 594 1734 32.
921 1699 987 1748 nus,
1001 1695 1027 1733 et
1041 1683 1140 1734 ambitu
1156 1701 1187 1734 ac
1200 1702 1311 1734 numero
1325 1703 1422 1735 onm-

412 1763 437 1814 6.
453 1761 504 1814 Sed
514 1764 592 1813 etiam
604 1780 675 1813 conc.
689 1782 705 1812 a
716 1761 825 1814 Claudio
837 1763 877 1814 be·
922 1777 989 1810 sum.
1000 1759 1105 1830 Ubique
1115 1759 1190 1811 hasta
1201 1773 1227 1810 et
1237 1775 1336 1827 sector,
1347 1774 1374 1811 et
1384 1763 1423 1812 in-

344 1867 346 1870 ·
378 1839 875 1914 aeficium,etc.Cf.adClaud.23,init.
923 1839 1012 1907 quieta
1025 1838 1094 1888 Urbs
1107 1838 1286 1890 auctionibus.
1299 1841 1422 1891 Attamen

412 1921 467 1970 XV.
484 1936 505 1970 1.
518 1918 654 1970 Senatorio
665 1929 689 1968 et
701 1917 826 1990 equestria
836 1913 877 1986 of·
920 1918 1020 1989 grande
1037 1916 1178 1990 gaudium,
1198 1919 1270 1990 quod
1285 1933 1339 1972 tam
1354 1939 1423 1992 pau-

367 2001 452 2074 ’βείω
465 1998 492 2049 h'.
506 2018 528 2052 e.
541 2015 667 2062 munera,
679 2015 692 2046 a
707 1998 839 2052 senatorio
850 2011 876 2048 et
921 2018 997 2069 peres
1008 2001 1111 2065 forent,
1124 1998 1219 2070 quibus
1234 1999 1360 2051 donasset
1370 2000 1422 2051 Ne·

377 2082 493 2154 equestri
502 2078 593 2130 urdine
602 2077 875 2144 administrarisolita,
921 2098 965 2142 ro,
978 2097 1057 2150 quam
1071 2079 1167 2150 quibus
1181 2077 1341 2131 abstulisset.
1352 2103 1364 2124 ι
1376 2081 1422 2130 Di·

376 2163 487 2213 maxime
505 2157 630 2209 militaria
649 2170 675 2208 et
687 2157 874 2226 provincialia,
920 2159 1069 2208 vertitatem
1082 2159 1183 2208 numeri
1198 2159 1341 2228 Equitum,
1354 2177 1421 2228 quos

375 2253 405 2291 ut
416 2238 485 2290 mibi
495 2237 608 2300 videtur,
624 2237 749 2306 quoniam
762 2235 794 2287 de
806 2235 875 2287 invi-
920 2235 1026 2286 Tacitus
1047 2237 1168 2309 triqinta,
1184 2235 1327 2288 Suetonius
1343 2237 1422 2308 quin-

376 2321 407 2372 tis
419 2337 449 2368 ac
461 2316 629 2368 recusantibus
641 2334 738 2368 sermo.
750 2314 790 2366 Ad
802 2334 876 2386 eque·
919 2313 1045 2385 quaqinta
1060 2315 1190 2365 exactioni
1206 2316 1363 2384 praepositos
1379 2315 1422 2368 di-
1463 2351 1466 2356 ·

375 2400 437 2453 stria
460 2395 548 2447 officia
572 2395 683 2446 maxime
707 2394 875 2447 referendum
920 2393 1421 2464 cunt,minusmomr,praesertimquum

376 2494 472 2529 munus
496 2476 696 2525 Procuratontm
720 2474 826 2524 Caesaris
849 2475 876 2524 in
920 2467 1004 2519 facilis
1015 2471 1048 2520 sit
1058 2469 1421 2534 conciliatio,aCasaubono

376 2555 535 2630 provinciis,
552 2572 625 2623 quie,
642 2564 673 2601 ut
687 2553 771 2603 Tacit.
786 2552 873 2621 Agric.
920 2545 996 2612 data,
1013 2562 1057 2613 ut,
1071 2545 1213 2598 difficiliori
1231 2551 1358 2617 negotio,
1377 2551 1421 2599 tri-

375 2637 405 2704 4,
418 2633 538 2707 equestris
550 2632 671 2682 nobilitas
682 2644 746 2681 erat.
762 2631 875 2700 Repres-
919 2625 992 2693 ginta
1007 2627 1140 2697 prioribus
1153 2627 1248 2700 viqinti
1262 2626 1369 2680 additus
1381 2627 1422 2680 di·

376 2733 453 2768 surus
471 2726 559 2764 autem
576 2723 632 2761 erat
646 2707 744 2774 Galba,
765 2712 808 2778 qui
828 2728 876 2778 per
920 2721 1019 2756 camus.
1037 2705 1092 2756 Alia
1109 2704 1172 2756 mibi
1188 2718 1224 2757 est
1241 2705 1375 2758 dubitatio
1389 2707 1421 2758 de

376 2792 546 2846 ambitionem
558 2787 599 2839 vel
614 2789 748 2838 avaritiam
764 2806 874 2838 munera
919 2783 1031 2836 decimis.
1044 2786 1147 2856 Nempe
1161 2785 1295 2854 singulare
1307 2784 1422 2838 liberali-

374 2868 650 2942 expetebant.Tacent
658 2883 749 2917 omnes
757 2867 871 2938 interpp.
919 2865 979 2914 tatis
999 2882 1081 2934 genus
1102 2863 1154 2916 hoc
1172 2867 1250 2916 etiarn
1270 2862 1332 2916 loco
1350 2865 1420 2930 dici,

374 2949 407 3002 de
419 2948 480 2999 loco
492 2945 564 2997 haud
577 2961 684 3015 prorsus
696 2943 826 3014 expedito.
918 2945 1068 2995 notavimus
1080 2942 1113 2994 ad
1122 2941 1204 3014 Calig.
1219 2943 1266 3009 26,
1279 2957 1362 3015 atque
1371 2958 1421 2997 stat

411 3047 434 3080 2.
447 3024 622 3078 Liberalitates
633 3026 757 3088 Neronis,
770 3040 820 3077 etc.
832 3027 872 3078 Cf.
919 3021 1262 3093 mihisententia,quuniam
1270 3023 1421 3090 Suetonius,

375 3106 506 3160 Plutarch.
531 3105 569 3156 16.
587 3105 670 3154 Tacit.
688 3105 753 3154 Hist.
773 3106 799 3166 l,
820 3120 872 3156 20:
920 3104 1134 3152 accuratissimus
1152 3103 1180 3152 in
1196 3101 1307 3168 talibus,
1321 3115 1350 3154 et
1363 3103 1420 3174 ple-

345 3193 347 3196 '
378 3188 517 3240 «Proxima
526 3185 645 3255 pecunias
654 3201 732 3248 cura,
743 3195 768 3233 et
778 3197 873 3235 cuncta
919 3201 1031 3254 rumque
1042 3185 1215 3236 instrumenta
1229 3184 1337 3254 publica
1350 3203 1421 3236 secu·

375 3265 553 3317 scrutantibus
559 3263 873 3332 justissimumvisumest,
919 3275 975 3324 tus,
988 3265 1024 3314 ita
1035 3265 1154 3332 scripsit,
1165 3265 1203 3314 uti
1215 3263 1341 3333 legimus,
1352 3283 1419 3329 non,

373 3339 610 3412 inderepeti,unde
618 3342 711 3409 inopiae
720 3359 800 3392 causa
808 3354 873 3392 erat.
921 3365 932 3388 s
943 3359 997 3393 non
1007 3342 1068 3413 plus
1079 3343 1177 3394 decima
1187 3355 1262 3414 parte
1271 3361 1417 3395 concessa.»

374 3424 416 3474 Bis
429 3435 455 3471 et
465 3423 544 3471 vicies
558 3419 649 3471 millies
661 3419 812 3490 Sestertium
824 3418 874 3470 do·
918 3419 999 3486 Quod
1012 3423 1081 3472 enirn
1095 3423 1201 3472 Tacitus
1215 3420 1311 3472 diserte
1327 3421 1361 3472 de
1376 3421 1420 3473 tle-

373 3500 526 3552 nstionibus
540 3499 610 3549 Nero
623 3497 762 3549 effuderat.
776 3498 873 3569 Appel-
918 3499 992 3551 rimis
1007 3499 1169 3569 portionibus
1184 3511 1210 3550 et
1227 3499 1329 3549 decirna
1345 3511 1420 3569 parte

374 3580 424 3630 lari
438 3575 554 3648 singulos
565 3578 657 3646 jussit,
672 3575 782 3627 decuma
797 3590 872 3646 parte
918 3577 1215 3649 liberalitatisluquitur‚
1226 3596 1317 3631 nunne
1327 3579 1419 3632 fallere

372 3655 534 3707 liberalitatis
549 3653 621 3722 apud
635 3671 767 3724 quemque
781 3672 872 3706 eorum
918 3676 978 3708 eum
998 3661 1086 3729 potuit
1106 3659 1258 3728 ambiguum
1281 3660 1309 3710 in
1330 3659 1419 3712 verbis

372 3735 473 3790 relicte.
488 3735 523 3786 At
538 3733 589 3784 illis
604 3735 646 3782 vix
662 3733 777 3784 decumae
793 3753 873 3806 super
917 3735 997 3787 edicti
1009 3736 1182 3789 vocabulum?
1192 3735 1328 3788 Plutarchi
1340 3735 1367 3788 ri
1380 3735 1421 3790 li-

332 3882 333 3885 ,
372 3820 605 3889 portioneserant,
616 3811 708 3864 iisdem
716 3832 777 3882 erga
785 3812 870 3866 aliena
916 3836 985 3868 aanor
992 3814 1072 3883 pipat,
1083 3817 1202 3869 utGrrnci
1212 3817 1363 3886 scriptoris,
1373 3818 1419 3868 mi-

372 3895 519 3961 sumtibus,
528 3892 624 3962 quibus
632 3910 677 3943 sua
686 3891 870 3962 prodegerant,
915 3914 965 3948 nus
979 3913 1052 3946 euro.
1065 3897 1132 3946 Nam
1148 3897 1170 3946 si
1185 3914 1256 3966 error
1268 3897 1295 3947 in
1310 3897 1417 3961 Latium

371 3996 453 4047 qtrum
468 3974 638 4046 rapacissimo
655 3972 750 4040 cuique
762 3988 793 4020 ac
807 3989 871 4041 per·
916 3971 1350 4046 quidniGraeco?Scio,audaciam
1360 3993 1418 4027 esse

371 4056 498 4107 ditissimo
513 4071 567 4103 non
579 4052 648 4120 agri,
662 4062 707 4101 ant
720 4049 809 4113 fenus,
823 4050 870 4100 sed
913 4054 941 4102 in
951 4051 1105 4121 corrigendo
1115 4053 1178 4103 Tac.
1190 4065 1216 4104 et
1224 4072 1284 4104 erro
1292 4055 1416 4107 fortasse.

370 4134 425 4186 sola
444 4136 615 4184 instrumenta
635 4131 758 4180 vitiorum
777 4147 868 4180 mane·
913 4134 1013 4183 Tamen
1026 4130 1201 4202 reprehendi,
1214 4149 1295 4203 quam
1307 4151 1418 4203 scrupu-

369 4227 434 4265 rent.
444 4212 580 4264 Exactioni
589 4211 694 4283 triqinta
701 4209 808 4280 Equites
818 4207 869 4260 lto-
913 4208 981 4277 lum,
995 4212 1039 4280 qui
1050 4209 1114 4260 mihi
1126 4209 1216 4276 haeret,
1226 4222 1315 4262 tacere
1325 4208 1416 4264 malni.
