3076 5146
393 506 462 588 ut
804 498 1032 566 uuuusuu

394 631 524 698 Gudium,
534 647 562 700 p.
574 625 622 693 88,
634 626 667 679 32
680 644 736 678 nou
746 645 800 698 quo
810 624 890 678 fidem
898 627 1080 700 inscriptionis
1089 629 1118 680 in
1128 626 1242 681 dubium
1250 631 1339 682 vocari
1347 628 1429 697 uelim,

395 711 443 766 sed
458 709 530 783 quod
546 711 639 762 Nervae
653 726 722 779 opus
738 708 895 760 instauratio
909 709 1000 778 potius
1020 709 1109 780 operis
1123 710 1190 775 fuit,
1205 727 1285 780 ᾳιιιιιιι
1301 709 1428 762 absolutio.

395 795 498 861 Nempe
509 788 562 842 tale
575 807 642 859 opus
653 788 788 858 diligentia
801 786 916 860 qaudam
929 788 1082 860 indigebat,
1094 802 1124 840 ut
1138 802 1349 854 conservaretur,
1360 809 1429 864 quam

396 874 420 923 ei
434 888 487 922 nou
500 868 675 940 praestiterunt
691 883 858 918 successores
875 865 995 931 Claudii,
1010 867 1185 938 inprimisque
1199 869 1281 919 Nero.
1294 869 1389 920 Auctor
1400 869 1430 920 rei

395 953 508 1016 Plinius,
517 951 581 1000 Hist.
594 948 655 998 Nat.
664 946 788 1013 xxxvl,
805 946 848 1010 15,
862 948 907 1016 qui
920 947 967 999 hoc
976 948 1199 1017 opusdestitutum
1210 966 1269 1014 esse,
1285 950 1335 1013 ait,
1347 967 1430 1001 meres·

395 1033 457 1086 son's
466 1029 533 1084 odio.
545 1024 625 1094 Quod
636 1029 657 1078 si
670 1026 746 1077 aliter
759 1038 918 1090 statuamus,
931 1040 957 1078 et
968 1026 1079 1080 Claudio
1091 1027 1288 1080 absolutionem
1301 1029 1384 1099 operit
1393 1047 1431 1079 ue·

395 1128 504 1181 getnus,
520 1109 580 1178 quia
597 1124 612 1156 a
629 1107 715 1156 Nerva
732 1103 829 1156 dicitur
843 1105 953 1157 emissus
972 1104 1045 1156 lacus
1062 1109 1088 1156 in
1104 1107 1295 1177 inscriptione,
1311 1119 1430 1178 sequetur,

396 1203 426 1242 ut
436 1191 515 1240 etiam
528 1187 614 1237 Nerva
626 1202 681 1234 uon
694 1183 853 1247 absolverit,
866 1185 926 1255 quia
939 1183 1093 1254 Spartianus
1108 1185 1204 1249 tradit,
1219 1183 1333 1236 eundem
1344 1182 1375 1235 ab
1386 1187 1430 1234 Ha·

398 1269 493 1321 driano
506 1268 628 1317 emissum
640 1265 728 1315 fuisse.
742 1261 795 1314 Sed
808 1275 834 1314 et
843 1261 895 1314 boc
908 1281 961 1313 non
974 1263 1050 1316 aliter
1060 1262 1265 1336 accipiendum,
1276 1282 1366 1336 quam
1378 1275 1429 1334 post

397 1343 693 1412 Nervam,‘destitutum
711 1360 779 1416 opus
794 1342 951 1412 negligentia
967 1344 1090 1414 Trajani,
1105 1357 1132 1396 et
1145 1344 1179 1396 ab
1193 1343 1328 1397 Hadriano
1343 1347 1429 1395 iosua-

398 1441 485 1480 ratum
497 1427 588 1478 luisse.
599 1424 641 1475 Au
653 1443 716 1475 vero
726 1421 852 1474 credibile
865 1436 918 1487 est,
930 1424 952 1475 si
962 1421 1110 1476 Hadrianus
1121 1422 1187 1476 illud
1198 1442 1266 1495 opus
1278 1421 1429 1488 absolvisset,

397 1506 568 1568 Suetonium,
583 1503 629 1574 qui
643 1504 670 1553 iu
682 1500 808 1553 Hadriani
822 1501 883 1552 aula
894 1502 961 1569 fuit,
976 1502 1090 1555 absoluti
1103 1507 1192 1575 operis
1205 1503 1317 1573 gloriam
1331 1501 1429 1554 tributu-

398 1605 456 1638 rum
469 1597 521 1636 tam
534 1582 603 1634 clare
612 1580 723 1633 Claudio
733 1584 745 1633 l
757 1581 864 1633 Maneat
873 1601 950 1653 ergo,
963 1581 1102 1634 Claudium
1113 1587 1228 1655 primum
1239 1582 1378 1637 absolvisse
1386 1581 1429 1632 boc

398 1683 483 1736 opus,
502 1664 664 1716 instaurasse
679 1663 793 1733 primurn
807 1663 936 1725 Nervam,
955 1679 1017 1714 mox
1031 1661 1205 1718 Hadrianum.
1225 1663 1348 1717 Similiter
1360 1679 1427 1733 aquas

399 1745 501 1797 Curtius
514 1757 538 1794 et
549 1742 664 1793 Caerulus
677 1739 817 1810 perductas
828 1739 980 1808 aclaudio,
993 1740 1039 1793 sed
1050 1744 1225 1809 intermissas,
1236 1741 1263 1793 h.
1278 1762 1301 1793 e.
1312 1741 1428 1812 neglectas

398 1842 414 1874 a
426 1822 638 1886 successoribus,
653 1838 702 1872 nec
714 1822 777 1874 satis
791 1819 930 1890 diligenter
941 1835 1126 1890 conservatas,
1140 1836 1166 1875 et
1180 1823 1243 1875 hinc
1258 1822 1382 1894 dilapsas,
1393 1823 1428 1872 iu·

400 1903 726 1972 stauravithspasiauus,
741 1912 770 1952 ut
782 1898 862 1952 docet
872 1900 1010 1972 inscriptio
1023 1901 1094 1974 apud
1101 1903 1324 1975 Gruterum,pag.
1338 1902 1395 1967 133,
1410 1919 1427 1952 t.

398 1987 462 2037 urs.
475 1984 552 2037 Conf.
564 1982 681 2035 Fabretti
692 1981 831 2054 singularis
841 1981 946 2034 libellus
957 1981 990 2034 de
1003 1985 1126 2036 Emissae.
1138 1983 1201 2036 Lac.
1214 1985 1278 2036 Fuc.
1291 1984 1376 2035 Wutr.

408 2211 830 2234 mmmm
833 2212 1424 2236 mmmmmfflmwb

689 2411 1011 2562 excussus
1041 2413 1156 2512 uu

627 2652 695 2722 Au
728 2652 1006 2742 NERONEM,
1041 2653 1125 2724 Cle.
1160 2677 1215 2750 ¹7·

404 3065 440 3152 is
451 3100 505 3152 hoc
517 3101 603 3170 capite
615 3097 753 3170 aliquoties
764 3095 919 3169 reprebendi
930 3098 1017 3150 aJure
1027 3097 1159 3152 Consultis
1172 3099 1343 3156 indicavimus
1354 3100 1432 3155 Sueto·

403 3184 493 3247 nium,
506 3181 581 3251 quasi
593 3179 696 3249 lapsum
709 3179 850 3245 memoria,
867 3191 896 3229 ut
908 3179 1008 3230 Neroni
1022 3178 1192 3248 attribueret,
1209 3200 1267 3253 quse
1282 3184 1433 3256 superiorum

402 3263 703 3329 imperatorum‘essent.
718 3259 757 3309 De
770 3276 800 3309 ea
814 3275 843 3308 re
857 3256 983 3308 nonnulla
998 3259 1120 3310 universe
1132 3257 1267 3328 dicemus,
1282 3276 1311 3314 ut
1325 3259 1433 3315 etiamad

403 3339 456 3392 ulia
469 3339 656 3391 historicorum
669 3337 728 3390 luca
743 3336 911 3408 intelligenda
928 3351 955 3389 et
965 3339 1122 3392 uindicanda
1132 3341 1265 3413 ‘prodesse
1280 3346 1384 3416 possint.

422 3419 646 3488 =Primum¹igitur
660 3417 724 3469 milii
744 3416 883 3470 ridiculum
901 3418 1015 3485 videtur,
1033 3420 1100 3486 dici,
1118 3421 1273 3474 Suetonium
1288 3426 1314 3474 iu
1330 3423 1369 3474 his
1381 3440 1434 3494 pec-

399 3502 622 3566 cassememoriae
634 3499 718 3571 lapsu.
732 3500 832 3551 Etenim
844 3501 866 3552 si
877 3502 936 3572 quis
948 3503 1062 3572 scriptor
1075 3501 1140 3554 alius
1151 3506 1268 3571 generis,
1280 3520 1374 3568 orator,
1385 3501 1435 3576 plri-

400 3577 545 3649 los'ophus,
560 3591 606 3629 aut
620 3595 717 3648 poeta,
733 3581 778 3652 qui
791 3578 877 3630 obiter
888 3598 943 3631 rem
955 3580 1052 3648 talem,
1067 3594 1200 3655 tamquam
1214 3583 1326 3655 exempli
1339 3599 1433 3649 caussa,

404 3659 558 3727 attingeret,
571 3653 741 3725 ἑμιμιῖμιιιι
748 3661 887 3724 μνημονικοῦ
896 3674 1058 3730 argueretur,
1070 3663 1132 3714 ferri
1141 3676 1233 3735 posset
1243 3663 1299 3716 haec
1309 3663 1433 3735 repreben-

404 3739 454 3790 sio.
469 3737 537 3788 Nam
549 3735 590 3787 his
603 3757 657 3788 non
671 3740 817 3790 neccssaria
833 3752 872 3790 est
887 3741 999 3792 maxima
1012 3739 1163 3812 diligentia,
1176 3745 1250 3816 iique
1264 3743 1378 3815 exemplu
1389 3744 1434 3793 fere

405 3819 559 3869 ourem'oria
578 3816 748 3887 depromunt.
763 3820 855 3891 ltaque
873 3819 990 3872 videmus
1000 3835 1035 3874 tet
1051 3823 1237 3892 concedimus,
1256 3843 1302 3876 cos
1316 3821 1434 3876 interdum

404 3897 531 3970 memoria
544 3895 633 3966 lapsos
648 3899 674 3947 in
689 3891 841 3950 nominibus
855 3899 973 3961 locorum
987 3899 1195 3972 bominumque,
1210 3904 1238 3954 iu
1253 3905 1380 3968 numeris,
1392 3915 1433 3952 etc.

404 3975 457 4028 Sed
468 3977 548 4044 louge
560 3973 638 4026 aliter¹
648 3976 864 4029 estinliistorico
876 3977 1017 4048 diligente,
1030 3964 1097 4032 et⁴eo
1109 3981 1185 4049 loeo,
1198 3981 1244 4034 ubi
1258 3996 1297 4035 est
1307 3981 1377 4034 sedes
1385 3998 1435 4052 pro·

404 4057 463 4127 pria
473 4059 620 4128 argumenti
630 4056 741 4126 alicujus
751 4077 758 4118 ;
769 4057 805 4108 ibi
815 4061 933 4130 ineptum
945 4078 1016 4126 esse,
1029 4063 1085 4128 uio,
1097 4065 1229 4113 memoriae
1239 4061 1329 4134 lapsus
1334 4066 1434 4133 jactum

404 4134 485 4187 veluti
496 4138 522 4188 iu
534 4133 719 4188 hoc'Suetonii
731 4137 803 4204 loco,
815 4137 861 4189 uhi
875 4139 1017 4192 Suetonius
1029 4141 1142 4193 instituit
1154 4160 1371 4206 commemorare,
1381 4135 1434 4212 quid
1519 4193 1520 4196 ,

405 4219 466 4268 novi
480 4219 506 4268 iu
522 4219 582 4286 jure
599 4221 767 4270 constituerit
785 4221 864 4271 Nero.
885 4223 946 4272 Non
966 4219 1009 4272 hie
1024 4241 1038 4273 e
1052 4224 1177 4276 memoria
1198 4222 1312 4276 scribere
1330 4233 1433 4294 poterut,
1519 4217 1520 4226 ¹
