<?xml version="1.0" encoding="UTF-8"?>
<!DOCTYPE html PUBLIC "-//W3C//DTD XHTML 1.0 Transitional//EN"
    "http://www.w3.org/TR/xhtml1/DTD/xhtml1-transitional.dtd">
<html xmlns="http://www.w3.org/1999/xhtml" xml:lang="en" lang="en">
 <head>
  <title>
</title>
<meta http-equiv="Content-Type" content="text/html;charset=utf-8" />
  <meta name='ocr-system' content='tesseract 3.04.00' />
  <meta name='ocr-capabilities' content='ocr_page ocr_carea ocr_par ocr_line ocrx_word'/>
</head>
<body>
  <div class='ocr_page' id='page_1' title='image "./csuetoniitranqu00suetgoog_0152.png"; bbox 0 0 3054 5152; ppageno 0'>
   <div class='ocr_carea' id='block_1_1' title="bbox 370 533 1035 604">
    <p class='ocr_par' dir='ltr' id='par_1_1' title="bbox 370 533 1035 604">
     <span class='ocr_line' id='line_1_1' title="bbox 370 533 1035 604; baseline 0.003 -4"><span class='ocrx_word' id='word_1_1' title='bbox 370 533 433 601; x_wconf 75' lang='lat'><strong>136</strong></span> <span class='ocrx_word' id='word_1_2' title='bbox 740 538 777 601; x_wconf 87' lang='lat' dir='ltr'><strong>C.</strong></span> <span class='ocrx_word' id='word_1_3' title='bbox 803 537 1035 604; x_wconf 86' lang='lat' dir='ltr'><strong>SUETONIl</strong></span> 
     </span>
    </p>
   </div>
   <div class='ocr_carea' id='block_1_2' title="bbox 320 660 1518 2544">
    <p class='ocr_par' dir='ltr' id='par_1_2' title="bbox 342 660 1518 1760">
     <span class='ocr_line' id='line_1_2' title="bbox 364 660 1414 758; baseline 0.001 -27"><span class='ocrx_word' id='word_1_4' title='bbox 364 660 537 758; x_wconf 80' lang='lat' dir='ltr'><strong>quoddam</strong></span> <span class='ocrx_word' id='word_1_5' title='bbox 554 666 681 732; x_wconf 89' lang='lat' dir='ltr'><strong>mutuis</strong></span> <span class='ocrx_word' id='word_1_6' title='bbox 697 663 818 733; x_wconf 88' lang='lat' dir='ltr'><strong>ictibus</strong></span> <span class='ocrx_word' id='word_1_7' title='bbox 834 663 1052 748; x_wconf 80' lang='lat' dir='ltr'><strong>concidisset,</strong></span> <span class='ocrx_word' id='word_1_8' title='bbox 1073 663 1228 734; x_wconf 84' lang='lat' dir='ltr'><strong>cultellos</strong></span> <span class='ocrx_word' id='word_1_9' title='bbox 1245 664 1314 734; x_wconf 83' lang='lat' dir='ltr'><strong>sibi</strong></span> <span class='ocrx_word' id='word_1_10' title='bbox 1335 687 1414 757; x_wconf 92' lang='lat' dir='ltr'><strong>par-</strong></span> 
     </span>
     <span class='ocr_line' id='line_1_3' title="bbox 364 772 1416 869; baseline 0.003 -28"><span class='ocrx_word' id='word_1_11' title='bbox 364 773 462 844; x_wconf 90' lang='lat' dir='ltr'><strong>vulos</strong></span> <span class='ocrx_word' id='word_1_12' title='bbox 476 797 518 842; x_wconf 84' lang='lat' dir='ltr'><strong>ex</strong></span> <span class='ocrx_word' id='word_1_13' title='bbox 531 788 676 868; x_wconf 88' lang='lat' dir='ltr'><strong>utroque</strong></span> <span class='ocrx_word' id='word_1_14' title='bbox 687 774 777 843; x_wconf 89' lang='lat' dir='ltr'><strong>ferro</strong></span> <span class='ocrx_word' id='word_1_15' title='bbox 787 777 822 842; x_wconf 91' lang='lat' dir='ltr'><strong>in</strong></span> <span class='ocrx_word' id='word_1_16' title='bbox 833 800 935 843; x_wconf 91' lang='lat' dir='ltr'><strong>usum</strong></span> <span class='ocrx_word' id='word_1_17' title='bbox 948 773 1021 843; x_wconf 87' lang='lat' dir='ltr'><strong>fieri</strong></span> <span class='ocrx_word' id='word_1_18' title='bbox 1036 777 1107 843; x_wconf 89' lang='lat' dir='ltr'><strong>sine</strong></span> <span class='ocrx_word' id='word_1_19' title='bbox 1121 799 1215 844; x_wconf 84' lang='lat' dir='ltr'><strong>mora</strong></span> <span class='ocrx_word' id='word_1_20' title='bbox 1225 772 1340 869; x_wconf 87' lang='lat' dir='ltr'><strong>jussit.</strong></span> <span class='ocrx_word' id='word_1_21' title='bbox 1357 780 1416 844; x_wconf 88' lang='lat' dir='ltr'><strong>Be-</strong></span> 
     </span>
     <span class='ocr_line' id='line_1_4' title="bbox 342 884 1499 982; baseline 0 -29"><span class='ocrx_word' id='word_1_22' title='bbox 342 888 487 982; x_wconf 38' lang='lat' dir='ltr'><strong>·stiariis</strong></span> <span class='ocrx_word' id='word_1_23' title='bbox 507 884 790 981; x_wconf 76' lang='lat' dir='ltr'><strong>meridianisque³</strong></span> <span class='ocrx_word' id='word_1_24' title='bbox 814 885 899 955; x_wconf 88' lang='lat' dir='ltr'><strong>adeo</strong></span> <span class='ocrx_word' id='word_1_25' title='bbox 920 884 1164 971; x_wconf 79' lang='lat' dir='ltr'>delectabatur,</span> <span class='ocrx_word' id='word_1_26' title='bbox 1189 903 1283 956; x_wconf 90' lang='lat' dir='ltr'><strong>utet</strong></span> <span class='ocrx_word' id='word_1_27' title='bbox 1304 891 1416 980; x_wconf 85' lang='lat' dir='ltr'><strong>prima</strong></span> <span class='ocrx_word' id='word_1_28' title='bbox 1495 965 1499 972; x_wconf 37' lang='grc'><em>,</em></span> 
     </span>
     <span class='ocr_line' id='line_1_5' title="bbox 365 996 1417 1092; baseline 0 -26"><span class='ocrx_word' id='word_1_29' title='bbox 365 998 441 1066; x_wconf 92' lang='lat' dir='ltr'><strong>luce</strong></span> <span class='ocrx_word' id='word_1_30' title='bbox 451 996 496 1065; x_wconf 91' lang='lat' dir='ltr'><strong>ad</strong></span> <span class='ocrx_word' id='word_1_31' title='bbox 509 998 740 1092; x_wconf 68' lang='lat' dir='ltr'><strong>spectaculum</strong></span> <span class='ocrx_word' id='word_1_32' title='bbox 750 997 988 1082; x_wconf 82' lang='lat' dir='ltr'><strong>descenderet,</strong></span> <span class='ocrx_word' id='word_1_33' title='bbox 1003 1018 1036 1068; x_wconf 89' lang='lat' dir='ltr'><strong>et</strong></span> <span class='ocrx_word' id='word_1_34' title='bbox 1047 999 1204 1082; x_wconf 90' lang='lat' dir='ltr'><strong>meridie,</strong></span> <span class='ocrx_word' id='word_1_35' title='bbox 1218 998 1362 1068; x_wconf 89' lang='lat' dir='ltr'><strong>dimisso</strong></span> <span class='ocrx_word' id='word_1_36' title='bbox 1372 998 1417 1067; x_wconf 87' lang='lat' dir='ltr'><strong>ud</strong></span> 
     </span>
     <span class='ocr_line' id='line_1_6' title="bbox 365 1108 1418 1207; baseline -0.004 -27"><span class='ocrx_word' id='word_1_37' title='bbox 365 1109 548 1202; x_wconf 83' lang='lat' dir='ltr'><strong>prandium</strong></span> <span class='ocrx_word' id='word_1_38' title='bbox 574 1109 723 1203; x_wconf 91' lang='lat' dir='ltr'><strong>populo,</strong></span> <span class='ocrx_word' id='word_1_39' title='bbox 748 1110 963 1203; x_wconf 87' lang='lat' dir='ltr'><strong>persederet;</strong></span> <span class='ocrx_word' id='word_1_40' title='bbox 989 1127 1179 1207; x_wconf 87' lang='lat' dir='ltr'><strong>praeterque</strong></span> <span class='ocrx_word' id='word_1_41' title='bbox 1206 1108 1418 1189; x_wconf 86' lang='lat' dir='ltr'><strong>destinatos,</strong></span> 
     </span>
     <span class='ocr_line' id='line_1_7' title="bbox 366 1218 1517 1320; baseline 0.001 -33"><span class='ocrx_word' id='word_1_42' title='bbox 366 1223 467 1288; x_wconf 87' lang='lat' dir='ltr'><strong>etiam</strong></span> <span class='ocrx_word' id='word_1_43' title='bbox 479 1221 545 1290; x_wconf 90' lang='lat' dir='ltr'><strong>levi</strong></span> <span class='ocrx_word' id='word_1_44' title='bbox 556 1221 734 1316; x_wconf 90' lang='lat' dir='ltr'><strong>subitaque</strong></span> <span class='ocrx_word' id='word_1_45' title='bbox 746 1220 789 1290; x_wconf 91' lang='lat' dir='ltr'><strong>de</strong></span> <span class='ocrx_word' id='word_1_46' title='bbox 801 1246 918 1306; x_wconf 89' lang='lat' dir='ltr'><strong>causa,</strong></span> <span class='ocrx_word' id='word_1_47' title='bbox 934 1220 1100 1318; x_wconf 90' lang='lat' dir='ltr'><strong>quosdam</strong></span> <span class='ocrx_word' id='word_1_48' title='bbox 1114 1224 1360 1304; x_wconf 87' lang='lat' dir='ltr'><strong>committeret,</strong></span> <span class='ocrx_word' id='word_1_49' title='bbox 1374 1218 1419 1288; x_wconf 92' lang='lat' dir='ltr'><strong>de</strong></span> <span class='ocrx_word' id='word_1_50' title='bbox 1515 1285 1517 1320; x_wconf 37' lang='lat'>1</span> 
     </span>
     <span class='ocr_line' id='line_1_8' title="bbox 366 1323 1518 1429; baseline -0.003 -29"><span class='ocrx_word' id='word_1_51' title='bbox 366 1329 540 1400; x_wconf 84' lang='lat' dir='ltr'>fabrorum</span> <span class='ocrx_word' id='word_1_52' title='bbox 560 1355 698 1428; x_wconf 89' lang='lat' dir='ltr'><strong>quoque</strong></span> <span class='ocrx_word' id='word_1_53' title='bbox 719 1357 758 1400; x_wconf 90' lang='lat' dir='ltr'><strong>ac</strong></span> <span class='ocrx_word' id='word_1_54' title='bbox 777 1336 1025 1415; x_wconf 86' lang='lat' dir='ltr'><strong>ministrorum,</strong></span> <span class='ocrx_word' id='word_1_55' title='bbox 1047 1349 1149 1429; x_wconf 88' lang='lat' dir='ltr'><strong>atque</strong></span> <span class='ocrx_word' id='word_1_56' title='bbox 1169 1331 1204 1401; x_wconf 95' lang='lat' dir='ltr'><strong>id</strong></span> <span class='ocrx_word' id='word_1_57' title='bbox 1223 1355 1334 1424; x_wconf 74' lang='lat' dir='ltr'><strong>genus</strong></span> <span class='ocrx_word' id='word_1_58' title='bbox 1355 1355 1419 1398; x_wconf 91' lang='lat' dir='ltr'><strong>nu·</strong></span> <span class='ocrx_word' id='word_1_59' title='bbox 1516 1323 1518 1380; x_wconf 65' lang='lat' dir='ltr'><strong>&#39;s</strong></span> 
     </span>
     <span class='ocr_line' id='line_1_9' title="bbox 368 1439 1419 1539; baseline -0.003 -29"><span class='ocrx_word' id='word_1_60' title='bbox 368 1466 481 1525; x_wconf 90' lang='lat' dir='ltr'><strong>mero,</strong></span> <span class='ocrx_word' id='word_1_61' title='bbox 502 1445 531 1511; x_wconf 88' lang='lat' dir='ltr'><strong>si</strong></span> <span class='ocrx_word' id='word_1_62' title='bbox 550 1459 779 1527; x_wconf 73' lang='lat' dir='ltr'><strong>automatum,</strong></span> <span class='ocrx_word' id='word_1_63' title='bbox 798 1443 853 1512; x_wconf 87' lang='lat' dir='ltr'><strong>vel</strong></span> <span class='ocrx_word' id='word_1_64' title='bbox 873 1442 1029 1537; x_wconf 74' lang='lat' dir='ltr'><strong>pegmal,</strong></span> <span class='ocrx_word' id='word_1_65' title='bbox 1049 1441 1104 1513; x_wconf 87' lang='lat' dir='ltr'><strong>vel</strong></span> <span class='ocrx_word' id='word_1_66' title='bbox 1128 1442 1210 1539; x_wconf 93' lang='lat' dir='ltr'><strong>quid</strong></span> <span class='ocrx_word' id='word_1_67' title='bbox 1231 1443 1301 1512; x_wconf 83' lang='lat' dir='ltr'><strong>tale</strong></span> <span class='ocrx_word' id='word_1_68' title='bbox 1324 1439 1419 1512; x_wconf 85' lang='lat' dir='ltr'><strong>aliud</strong></span> 
     </span>
     <span class='ocr_line' id='line_1_10' title="bbox 367 1531 1419 1647; baseline -0.001 -23"><span class='ocrx_word' id='word_1_69' title='bbox 367 1577 489 1647; x_wconf 88' lang='lat' dir='ltr'><strong>parum</strong></span> <span class='ocrx_word' id='word_1_70' title='bbox 507 1559 671 1626; x_wconf 84' lang='lat' dir='ltr'><strong>cessisset.</strong></span> <span class='ocrx_word' id='word_1_71' title='bbox 692 1531 830 1626; x_wconf 68' lang='lat' dir='ltr'><strong>Indulsit</strong></span> <span class='ocrx_word' id='word_1_72' title='bbox 842 1573 876 1624; x_wconf 92' lang='lat' dir='ltr'><strong>et</strong></span> <span class='ocrx_word' id='word_1_73' title='bbox 893 1581 1003 1626; x_wconf 88' lang='lat' dir='ltr'><strong>unum</strong></span> <span class='ocrx_word' id='word_1_74' title='bbox 1018 1580 1061 1626; x_wconf 88' lang='lat' dir='ltr'><strong>ex</strong></span> <span class='ocrx_word' id='word_1_75' title='bbox 1080 1554 1419 1626; x_wconf 83' lang='lat' dir='ltr'><strong>nomenculatoribus</strong></span> 
     </span>
     <span class='ocr_line' id='line_1_11' title="bbox 369 1651 1031 1760; baseline 0.006 -27"><span class='ocrx_word' id='word_1_76' title='bbox 369 1668 455 1748; x_wconf 85' lang='lat' dir='ltr'><strong>suis,</strong></span> <span class='ocrx_word' id='word_1_77' title='bbox 470 1668 558 1735; x_wconf 87' lang='lat' dir='ltr'><strong>sicut</strong></span> <span class='ocrx_word' id='word_1_78' title='bbox 570 1681 643 1734; x_wconf 89' lang='lat' dir='ltr'><strong>erat</strong></span> <span class='ocrx_word' id='word_1_79' title='bbox 656 1669 818 1760; x_wconf 75' lang='lat' dir='ltr'><strong>togatus⁵.</strong></span> <span class='ocrx_word' id='word_1_80' title='bbox 852 1651 855 1661; x_wconf 46' lang='lat'><strong>¹</strong></span> <span class='ocrx_word' id='word_1_81' title='bbox 1029 1741 1031 1747; x_wconf 23' lang='lat' dir='ltr'><strong><em>s</em></strong></span> 
     </span>
    </p>

    <p class='ocr_par' dir='ltr' id='par_1_3' title="bbox 370 1775 1422 1983">
     <span class='ocr_line' id='line_1_12' title="bbox 415 1775 1418 1874; baseline -0.003 -30"><span class='ocrx_word' id='word_1_82' title='bbox 415 1779 547 1844; x_wconf 89' lang='lat' dir='ltr'>XXXV.</span> <span class='ocrx_word' id='word_1_83' title='bbox 560 1775 625 1846; x_wconf 89' lang='lat' dir='ltr'><strong>Sed</strong></span> <span class='ocrx_word' id='word_1_84' title='bbox 636 1776 720 1845; x_wconf 89' lang='lat' dir='ltr'><strong>nihil</strong></span> <span class='ocrx_word' id='word_1_85' title='bbox 730 1802 829 1874; x_wconf 87' lang='lat' dir='ltr'><strong>aeque</strong></span> <span class='ocrx_word' id='word_1_86' title='bbox 840 1803 943 1872; x_wconf 90' lang='lat' dir='ltr'><strong>quam</strong></span> <span class='ocrx_word' id='word_1_87' title='bbox 954 1776 1091 1846; x_wconf 91' lang='lat' dir='ltr'><strong>timidus</strong></span> <span class='ocrx_word' id='word_1_88' title='bbox 1103 1801 1143 1844; x_wconf 88' lang='lat' dir='ltr'><strong>ac</strong></span> <span class='ocrx_word' id='word_1_89' title='bbox 1155 1775 1312 1846; x_wconf 87' lang='lat' dir='ltr'><strong>diffidens</strong></span> <span class='ocrx_word' id='word_1_90' title='bbox 1328 1776 1418 1843; x_wconf 68' lang='lat' dir='ltr'><strong>*fuit</strong></span> 
     </span>
     <span class='ocr_line' id='line_1_13' title="bbox 370 1881 1422 1983; baseline -0.002 -29"><span class='ocrx_word' id='word_1_91' title='bbox 370 1887 489 1958; x_wconf 84' lang='lat' dir='ltr'><strong>Primis</strong></span> <span class='ocrx_word' id='word_1_92' title='bbox 499 1887 632 1980; x_wconf 88' lang='lat' dir='ltr'><strong>imperii</strong></span> <span class='ocrx_word' id='word_1_93' title='bbox 646 1886 800 1968; x_wconf 80' lang='lat' dir='ltr'><strong>diehus2,</strong></span> <span class='ocrx_word' id='word_1_94' title='bbox 816 1912 1038 1983; x_wconf 87' lang='lat' dir='ltr'><strong>quamquam,</strong></span> <span class='ocrx_word' id='word_1_95' title='bbox 1053 1903 1092 1955; x_wconf 92' lang='lat' dir='ltr'><strong>ut</strong></span> <span class='ocrx_word' id='word_1_96' title='bbox 1102 1885 1262 1969; x_wconf 84' lang='lat' dir='ltr'><strong>diximus,</strong></span> <span class='ocrx_word' id='word_1_97' title='bbox 1272 1881 1422 1978; x_wconf 87' lang='lat' dir='ltr'><strong>jactator</strong></span> 
     </span>
    </p>

    <p class='ocr_par' dir='ltr' id='par_1_4' title="bbox 320 1998 1425 2544">
     <span class='ocr_line' id='line_1_14' title="bbox 370 1998 1423 2096; baseline -0.003 -28"><span class='ocrx_word' id='word_1_98' title='bbox 370 1998 550 2084; x_wconf 86' lang='lat' dir='ltr'><strong>civilitatis,</strong></span> <span class='ocrx_word' id='word_1_99' title='bbox 567 2023 679 2096; x_wconf 90' lang='lat' dir='ltr'><strong>neque</strong></span> <span class='ocrx_word' id='word_1_100' title='bbox 693 2004 845 2070; x_wconf 86' lang='lat' dir='ltr'><strong>convivia</strong></span> <span class='ocrx_word' id='word_1_101' title='bbox 863 2004 948 2070; x_wconf 89' lang='lat' dir='ltr'><strong>inire</strong></span> <span class='ocrx_word' id='word_1_102' title='bbox 961 2024 1064 2070; x_wconf 87' lang='lat' dir='ltr'><strong>ausus</strong></span> <span class='ocrx_word' id='word_1_103' title='bbox 1083 2017 1150 2081; x_wconf 89' lang='lat' dir='ltr'><strong>est,</strong></span> <span class='ocrx_word' id='word_1_104' title='bbox 1164 2002 1229 2068; x_wconf 91' lang='lat' dir='ltr'><strong>nisi</strong></span> <span class='ocrx_word' id='word_1_105' title='bbox 1242 2016 1283 2067; x_wconf 86' lang='lat' dir='ltr'><strong>ut</strong></span> <span class='ocrx_word' id='word_1_106' title='bbox 1301 2021 1423 2092; x_wconf 89' lang='lat' dir='ltr'><strong>specu-</strong></span> 
     </span>
     <span class='ocr_line' id='line_1_15' title="bbox 320 2094 1424 2207; baseline -0.001 -29"><span class='ocrx_word' id='word_1_107' title='bbox 320 2094 322 2100; x_wconf 48' lang='grc'><strong>’</strong></span> <span class='ocrx_word' id='word_1_108' title='bbox 370 2111 494 2180; x_wconf 88' lang='lat' dir='ltr'><strong>latores</strong></span> <span class='ocrx_word' id='word_1_109' title='bbox 506 2095 585 2180; x_wconf 91' lang='lat' dir='ltr'><strong>cum</strong></span> <span class='ocrx_word' id='word_1_110' title='bbox 599 2112 725 2180; x_wconf 84' lang='lat' dir='ltr'><strong>lanceis</strong></span> <span class='ocrx_word' id='word_1_111' title='bbox 738 2116 1009 2194; x_wconf 84' lang='lat' dir='ltr'><strong>circumstarent,</strong></span> <span class='ocrx_word' id='word_1_112' title='bbox 1028 2112 1218 2207; x_wconf 88' lang='lat' dir='ltr'><strong>militesque</strong></span> <span class='ocrx_word' id='word_1_113' title='bbox 1231 2114 1306 2179; x_wconf 87' lang='lat' dir='ltr'><strong>vice</strong></span> <span class='ocrx_word' id='word_1_114' title='bbox 1321 2111 1424 2178; x_wconf 91' lang='lat' dir='ltr'><strong>mini-</strong></span> 
     </span>
     <span class='ocr_line' id='line_1_16' title="bbox 371 2221 1425 2319; baseline -0.005 -29"><span class='ocrx_word' id='word_1_115' title='bbox 371 2239 520 2292; x_wconf 87' lang='lat' dir='ltr'><strong>strorum</strong></span> <span class='ocrx_word' id='word_1_116' title='bbox 539 2223 781 2315; x_wconf 78' lang='lat' dir='ltr'><strong>fungerentur:</strong></span> <span class='ocrx_word' id='word_1_117' title='bbox 804 2247 915 2319; x_wconf 89' lang='lat' dir='ltr'><strong>neque</strong></span> <span class='ocrx_word' id='word_1_118' title='bbox 936 2247 1063 2316; x_wconf 77' lang='lat' dir='ltr'><strong>aegrum</strong></span> <span class='ocrx_word' id='word_1_119' title='bbox 1084 2243 1292 2318; x_wconf 87' lang='lat' dir='ltr'><strong>quemquam</strong></span> <span class='ocrx_word' id='word_1_120' title='bbox 1310 2221 1425 2286; x_wconf 87' lang='lat' dir='ltr'><strong>visita-</strong></span> 
     </span>
     <span class='ocr_line' id='line_1_17' title="bbox 371 2329 1425 2430; baseline -0.005 -28"><span class='ocrx_word' id='word_1_121' title='bbox 371 2337 435 2417; x_wconf 87' lang='lat' dir='ltr'><strong>vit,</strong></span> <span class='ocrx_word' id='word_1_122' title='bbox 449 2336 513 2402; x_wconf 91' lang='lat' dir='ltr'><strong>uisi</strong></span> <span class='ocrx_word' id='word_1_123' title='bbox 527 2335 699 2428; x_wconf 84' lang='lat' dir='ltr'><strong>explorato</strong></span> <span class='ocrx_word' id='word_1_124' title='bbox 713 2338 807 2430; x_wconf 89' lang='lat' dir='ltr'><strong>prius</strong></span> <span class='ocrx_word' id='word_1_125' title='bbox 822 2335 994 2420; x_wconf 91' lang='lat' dir='ltr'><strong>cubiculo,</strong></span> <span class='ocrx_word' id='word_1_126' title='bbox 1009 2334 1206 2430; x_wconf 90' lang='lat' dir='ltr'><strong>culcitisque</strong></span> <span class='ocrx_word' id='word_1_127' title='bbox 1218 2349 1251 2401; x_wconf 88' lang='lat' dir='ltr'><strong>et</strong></span> <span class='ocrx_word' id='word_1_128' title='bbox 1263 2329 1425 2424; x_wconf 77' lang='lat' dir='ltr'><strong>stragulis</strong></span> 
     </span>
     <span class='ocr_line' id='line_1_18' title="bbox 372 2442 1425 2544; baseline -0.005 -30"><span class='ocrx_word' id='word_1_129' title='bbox 372 2448 578 2540; x_wconf 63' lang='lat' dir='ltr'><strong>praetentatis</strong></span> <span class='ocrx_word' id='word_1_130' title='bbox 592 2463 625 2514; x_wconf 89' lang='lat' dir='ltr'><strong>et</strong></span> <span class='ocrx_word' id='word_1_131' title='bbox 636 2452 803 2516; x_wconf 86' lang='lat' dir='ltr'><strong>excussis:</strong></span> <span class='ocrx_word' id='word_1_132' title='bbox 821 2449 951 2544; x_wconf 91' lang='lat' dir='ltr'><strong>reliquo</strong></span> <span class='ocrx_word' id='word_1_133' title='bbox 963 2464 1077 2516; x_wconf 87' lang='lat' dir='ltr'><strong>autern</strong></span> <span class='ocrx_word' id='word_1_134' title='bbox 1093 2465 1244 2540; x_wconf 89' lang='lat' dir='ltr'><strong>ternpore</strong></span> <span class='ocrx_word' id='word_1_135' title='bbox 1257 2442 1425 2513; x_wconf 84' lang='lat' dir='ltr'><strong>salutato-</strong></span> 
     </span>
    </p>
   </div>
   <div class='ocr_carea' id='block_1_3' title="bbox 373 2553 1431 3208">
    <p class='ocr_par' dir='ltr' id='par_1_5' title="bbox 373 2553 1431 3208">
     <span class='ocr_line' id='line_1_19' title="bbox 373 2553 1424 2654; baseline -0.004 -28"><span class='ocrx_word' id='word_1_136' title='bbox 373 2557 468 2626; x_wconf 90' lang='lat' dir='ltr'><strong>ribus</strong></span> <span class='ocrx_word' id='word_1_137' title='bbox 482 2573 685 2626; x_wconf 77' lang='lat' dir='ltr'><strong>scrutatores</strong></span> <span class='ocrx_word' id='word_1_138' title='bbox 699 2583 834 2653; x_wconf 90' lang='lat' dir='ltr'><strong>semper</strong></span> <span class='ocrx_word' id='word_1_139' title='bbox 852 2562 1023 2654; x_wconf 87' lang='lat' dir='ltr'><strong>apposuit,</strong></span> <span class='ocrx_word' id='word_1_140' title='bbox 1043 2573 1077 2625; x_wconf 91' lang='lat' dir='ltr'><strong>et</strong></span> <span class='ocrx_word' id='word_1_141' title='bbox 1093 2557 1230 2654; x_wconf 91' lang='lat' dir='ltr'><strong>quidem</strong></span> <span class='ocrx_word' id='word_1_142' title='bbox 1243 2553 1424 2636; x_wconf 89' lang='lat' dir='ltr'><strong>omnibus,</strong></span> 
     </span>
     <span class='ocr_line' id='line_1_20' title="bbox 375 2666 1428 2750; baseline -0.005 -13"><span class='ocrx_word' id='word_1_143' title='bbox 375 2685 410 2738; x_wconf 93' lang='lat' dir='ltr'><strong>et</strong></span> <span class='ocrx_word' id='word_1_144' title='bbox 430 2667 673 2737; x_wconf 86' lang='lat' dir='ltr'><strong>acerbissimos.</strong></span> <span class='ocrx_word' id='word_1_145' title='bbox 697 2672 776 2738; x_wconf 90' lang='lat' dir='ltr'><strong>Sero</strong></span> <span class='ocrx_word' id='word_1_146' title='bbox 799 2673 890 2738; x_wconf 90' lang='lat' dir='ltr'><strong>enim</strong></span> <span class='ocrx_word' id='word_1_147' title='bbox 912 2694 951 2738; x_wconf 92' lang='lat' dir='ltr'><strong>ac</strong></span> <span class='ocrx_word' id='word_1_148' title='bbox 972 2672 1026 2738; x_wconf 86' lang='lat' dir='ltr'><strong>vix</strong></span> <span class='ocrx_word' id='word_1_149' title='bbox 1048 2670 1195 2750; x_wconf 87' lang='lat' dir='ltr'><strong>remisit,</strong></span> <span class='ocrx_word' id='word_1_150' title='bbox 1220 2689 1264 2734; x_wconf 90' lang='lat' dir='ltr'><strong>ne</strong></span> <span class='ocrx_word' id='word_1_151' title='bbox 1288 2666 1428 2733; x_wconf 71' lang='lat' dir='ltr'><strong>feminas</strong></span> 
     </span>
     <span class='ocr_line' id='line_1_21' title="bbox 375 2780 1430 2875; baseline -0.005 -26"><span class='ocrx_word' id='word_1_152' title='bbox 375 2782 631 2875; x_wconf 83' lang='lat' dir='ltr'><strong>praetextatique</strong></span> <span class='ocrx_word' id='word_1_153' title='bbox 645 2781 742 2873; x_wconf 89' lang='lat' dir='ltr'><strong>pueri</strong></span> <span class='ocrx_word' id='word_1_154' title='bbox 758 2796 792 2848; x_wconf 90' lang='lat' dir='ltr'><strong>et</strong></span> <span class='ocrx_word' id='word_1_155' title='bbox 807 2780 928 2874; x_wconf 88' lang='lat' dir='ltr'><strong>puellae</strong></span> <span class='ocrx_word' id='word_1_156' title='bbox 942 2794 1244 2860; x_wconf 84' lang='lat' dir='ltr'><strong>contrectarentur,</strong></span> <span class='ocrx_word' id='word_1_157' title='bbox 1264 2794 1355 2846; x_wconf 92' lang='lat' dir='ltr'><strong>etue</strong></span> <span class='ocrx_word' id='word_1_158' title='bbox 1370 2800 1430 2844; x_wconf 91' lang='lat' dir='ltr'><strong>cu·</strong></span> 
     </span>
     <span class='ocr_line' id='line_1_22' title="bbox 374 2883 1429 2986; baseline -0.002 -26"><span class='ocrx_word' id='word_1_159' title='bbox 374 2890 430 2986; x_wconf 87' lang='lat' dir='ltr'><strong>jus</strong></span> <span class='ocrx_word' id='word_1_160' title='bbox 444 2893 558 2960; x_wconf 91' lang='lat' dir='ltr'><strong>comiti</strong></span> <span class='ocrx_word' id='word_1_161' title='bbox 569 2883 635 2959; x_wconf 86' lang='lat' dir='ltr'><strong>¹aut</strong></span> <span class='ocrx_word' id='word_1_162' title='bbox 651 2891 787 2959; x_wconf 86' lang='lat' dir='ltr'><strong>librario</strong></span> <span class='ocrx_word' id='word_1_163' title='bbox 805 2892 991 2961; x_wconf 87' lang='lat' dir='ltr'><strong>calamariae</strong></span> <span class='ocrx_word' id='word_1_164' title='bbox 1005 2911 1064 2960; x_wconf 90' lang='lat' dir='ltr'><strong>aut</strong></span> <span class='ocrx_word' id='word_1_165' title='bbox 1081 2890 1279 2984; x_wconf 69' lang='lat' dir='ltr'><strong>graphiariae</strong></span> <span class='ocrx_word' id='word_1_166' title='bbox 1295 2887 1429 2958; x_wconf 80' lang='lat' dir='ltr'><strong>³thecae</strong></span> 
     </span>
     <span class='ocr_line' id='line_1_23' title="bbox 377 3002 1431 3101; baseline -0.002 -27"><span class='ocrx_word' id='word_1_167' title='bbox 377 3005 615 3074; x_wconf 83' lang='lat' dir='ltr'><strong>adimerentur.</strong></span> <span class='ocrx_word' id='word_1_168' title='bbox 634 3008 730 3072; x_wconf 92' lang='lat' dir='ltr'><strong>Motu</strong></span> <span class='ocrx_word' id='word_1_169' title='bbox 745 3003 866 3088; x_wconf 71' lang='lat' dir='ltr'><strong>civilil,</strong></span> <span class='ocrx_word' id='word_1_170' title='bbox 882 3029 989 3101; x_wconf 92' lang='lat' dir='ltr'><strong>quum</strong></span> <span class='ocrx_word' id='word_1_171' title='bbox 1000 3030 1079 3073; x_wconf 92' lang='lat' dir='ltr'><strong>eum</strong></span> <span class='ocrx_word' id='word_1_172' title='bbox 1092 3002 1270 3087; x_wconf 85' lang='lat' dir='ltr'><strong>Camillus,</strong></span> <span class='ocrx_word' id='word_1_173' title='bbox 1285 3028 1357 3072; x_wconf 93' lang='lat' dir='ltr'><strong>non</strong></span> <span class='ocrx_word' id='word_1_174' title='bbox 1370 3002 1431 3072; x_wconf 92' lang='lat' dir='ltr'><strong>du·</strong></span> 
     </span>
     <span class='ocr_line' id='line_1_24' title="bbox 378 3113 1431 3208; baseline -0.004 -24"><span class='ocrx_word' id='word_1_175' title='bbox 378 3113 489 3184; x_wconf 88' lang='lat' dir='ltr'><strong>hitans</strong></span> <span class='ocrx_word' id='word_1_176' title='bbox 502 3116 603 3184; x_wconf 87' lang='lat' dir='ltr'><strong>etiam</strong></span> <span class='ocrx_word' id='word_1_177' title='bbox 618 3114 707 3183; x_wconf 87' lang='lat' dir='ltr'><strong>circa</strong></span> <span class='ocrx_word' id='word_1_178' title='bbox 720 3113 848 3184; x_wconf 90' lang='lat' dir='ltr'><strong>bellum</strong></span> <span class='ocrx_word' id='word_1_179' title='bbox 864 3139 964 3208; x_wconf 84' lang='lat' dir='ltr'><strong>posse</strong></span> <span class='ocrx_word' id='word_1_180' title='bbox 978 3118 1113 3197; x_wconf 82' lang='lat' dir='ltr'><strong>terreri,</strong></span> <span class='ocrx_word' id='word_1_181' title='bbox 1132 3113 1378 3182; x_wconf 88' lang='lat' dir='ltr'><strong>contumeliosa</strong></span> <span class='ocrx_word' id='word_1_182' title='bbox 1394 3131 1431 3182; x_wconf 89' lang='lat' dir='ltr'><strong>et</strong></span> 
     </span>
    </p>
   </div>
   <div class='ocr_carea' id='block_1_4' title="bbox 382 3372 1438 4329">
    <p class='ocr_par' dir='ltr' id='par_1_6' title="bbox 382 3372 1437 4100">
     <span class='ocr_line' id='line_1_25' title="bbox 416 3372 1434 3449; baseline -0.005 -24"><span class='ocrx_word' id='word_1_183' title='bbox 416 3373 442 3425; x_wconf 86' lang='lat'><strong>3.</strong></span> <span class='ocrx_word' id='word_1_184' title='bbox 462 3372 593 3426; x_wconf 83' lang='lat' dir='ltr'><strong>Bestiarit&#39;s</strong></span> <span class='ocrx_word' id='word_1_185' title='bbox 604 3373 817 3449; x_wconf 78' lang='lat' dir='ltr'><strong>meridianisque,</strong></span> <span class='ocrx_word' id='word_1_186' title='bbox 830 3390 881 3428; x_wconf 84' lang='lat' dir='ltr'><strong>eto.</strong></span> <span class='ocrx_word' id='word_1_187' title='bbox 926 3373 1041 3426; x_wconf 82' lang='lat' dir='ltr'><strong>malebat</strong></span> <span class='ocrx_word' id='word_1_188' title='bbox 1060 3383 1184 3446; x_wconf 67' lang='lat' dir='ltr'><strong>topatum.</strong></span> <span class='ocrx_word' id='word_1_189' title='bbox 1201 3372 1350 3442; x_wconf 82' lang='lat' dir='ltr'><strong>Utrumque</strong></span> <span class='ocrx_word' id='word_1_190' title='bbox 1364 3387 1434 3440; x_wconf 86' lang='lat' dir='ltr'><strong>pro-</strong></span> 
     </span>
     <span class='ocr_line' id='line_1_26' title="bbox 382 3450 1146 3527; baseline -0.001 -24"><span class='ocrx_word' id='word_1_191' title='bbox 382 3450 525 3504; x_wconf 77' lang='lat' dir='ltr'><strong>Meridiaai</strong></span> <span class='ocrx_word' id='word_1_192' title='bbox 543 3451 705 3523; x_wconf 72' lang='lat' dir='ltr'><strong>gladiatores</strong></span> <span class='ocrx_word' id='word_1_193' title='bbox 725 3469 815 3522; x_wconf 84' lang='lat' dir='ltr'><strong>erant,</strong></span> <span class='ocrx_word' id='word_1_194' title='bbox 838 3457 883 3527; x_wconf 90' lang='lat' dir='ltr'><strong>qui</strong></span> <span class='ocrx_word' id='word_1_195' title='bbox 927 3456 1028 3506; x_wconf 86' lang='lat' dir='ltr'><strong>misene</strong></span> <span class='ocrx_word' id='word_1_196' title='bbox 1040 3451 1146 3504; x_wconf 87' lang='lat' dir='ltr'><strong>dicitur.</strong></span> 
     </span>
     <span class='ocr_line' id='line_1_27' title="bbox 382 3525 1433 3609; baseline -0.009 -24"><span class='ocrx_word' id='word_1_197' title='bbox 382 3545 445 3606; x_wconf 87' lang='lat' dir='ltr'><strong>post</strong></span> <span class='ocrx_word' id='word_1_198' title='bbox 462 3533 607 3602; x_wconf 76' lang='lat' dir='ltr'><strong>bestiarios,</strong></span> <span class='ocrx_word' id='word_1_199' title='bbox 624 3555 701 3588; x_wconf 85' lang='lat' dir='ltr'><strong>mane</strong></span> <span class='ocrx_word' id='word_1_200' title='bbox 718 3552 884 3609; x_wconf 81' lang='lat' dir='ltr'><strong>pugnantes,</strong></span> <span class='ocrx_word' id='word_1_201' title='bbox 963 3533 1069 3584; x_wconf 91' lang='lat' dir='ltr'>XXXV.</span> <span class='ocrx_word' id='word_1_202' title='bbox 1089 3547 1110 3582; x_wconf 84' lang='lat' dir='ltr'><strong>r.</strong></span> <span class='ocrx_word' id='word_1_203' title='bbox 1130 3525 1211 3580; x_wconf 77' lang='lat' dir='ltr'><strong>Nihil</strong></span> <span class='ocrx_word' id='word_1_204' title='bbox 1220 3526 1433 3600; x_wconf 83' lang='lat' dir='ltr'><strong>oeqaequamti-</strong></span> 
     </span>
     <span class='ocr_line' id='line_1_28' title="bbox 382 3607 1435 3688; baseline -0.009 -22"><span class='ocrx_word' id='word_1_205' title='bbox 382 3611 623 3666; x_wconf 87' lang='lat' dir='ltr'><strong>committebantur.</strong></span> <span class='ocrx_word' id='word_1_206' title='bbox 632 3614 842 3688; x_wconf 72' lang='lat' dir='ltr'><strong>VideBulenqer.</strong></span> <span class='ocrx_word' id='word_1_207' title='bbox 852 3617 885 3670; x_wconf 87' lang='lat' dir='ltr'><strong>de</strong></span> <span class='ocrx_word' id='word_1_208' title='bbox 930 3614 1014 3666; x_wconf 79' lang='lat' dir='ltr'><strong>midas</strong></span> <span class='ocrx_word' id='word_1_209' title='bbox 1024 3631 1055 3663; x_wconf 81' lang='lat' dir='ltr'><strong>ac</strong></span> <span class='ocrx_word' id='word_1_210' title='bbox 1066 3608 1260 3682; x_wconf 81' lang='lat' dir='ltr'><strong>diffideasfuit.</strong></span> <span class='ocrx_word' id='word_1_211' title='bbox 1273 3607 1351 3659; x_wconf 80' lang='lat' dir='ltr'><strong>Couf.</strong></span> <span class='ocrx_word' id='word_1_212' title='bbox 1364 3607 1435 3674; x_wconf 86' lang='lat' dir='ltr'><strong>Dio,</strong></span> 
     </span>
     <span class='ocr_line' id='line_1_29' title="bbox 384 3689 1388 3770; baseline -0.013 -19"><span class='ocrx_word' id='word_1_213' title='bbox 384 3704 479 3752; x_wconf 88' lang='lat' dir='ltr'><strong>Venat.</strong></span> <span class='ocrx_word' id='word_1_214' title='bbox 498 3692 583 3761; x_wconf 82' lang='lat' dir='ltr'><strong>Circi,</strong></span> <span class='ocrx_word' id='word_1_215' title='bbox 601 3713 625 3746; x_wconf 89' lang='lat' dir='ltr'><strong>c.</strong></span> <span class='ocrx_word' id='word_1_216' title='bbox 642 3695 693 3762; x_wconf 72' lang='lat'><strong>34,</strong></span> <span class='ocrx_word' id='word_1_217' title='bbox 709 3710 736 3749; x_wconf 89' lang='lat' dir='ltr'><strong>et</strong></span> <span class='ocrx_word' id='word_1_218' title='bbox 750 3698 822 3768; x_wconf 88' lang='lat' dir='ltr'><strong>Lips.</strong></span> <span class='ocrx_word' id='word_1_219' title='bbox 838 3699 886 3750; x_wconf 84' lang='lat' dir='ltr'><strong>Sa·</strong></span> <span class='ocrx_word' id='word_1_220' title='bbox 929 3695 990 3760; x_wconf 89' lang='lat' dir='ltr'><strong>LX,</strong></span> <span class='ocrx_word' id='word_1_221' title='bbox 1004 3712 1018 3745; x_wconf 80' lang='lat' dir='ltr'><strong>n</strong></span> <span class='ocrx_word' id='word_1_222' title='bbox 1032 3706 1058 3745; x_wconf 90' lang='lat' dir='ltr'><strong>et</strong></span> <span class='ocrx_word' id='word_1_223' title='bbox 1073 3692 1119 3758; x_wconf 76' lang='grc' dir='ltr'><strong>ι4;</strong></span> <span class='ocrx_word' id='word_1_224' title='bbox 1132 3691 1201 3742; x_wconf 78' lang='lat' dir='ltr'><strong>infra</strong></span> <span class='ocrx_word' id='word_1_225' title='bbox 1213 3707 1274 3760; x_wconf 85' lang='lat' dir='ltr'><strong>cap.</strong></span> <span class='ocrx_word' id='word_1_226' title='bbox 1286 3689 1330 3758; x_wconf 85' lang='lat'><strong>37.</strong></span> <span class='ocrx_word' id='word_1_227' title='bbox 1385 3763 1388 3770; x_wconf 33' lang='grc' dir='ltr'>Ι</span> 
     </span>
     <span class='ocr_line' id='line_1_30' title="bbox 386 3766 1436 3844; baseline -0.014 -12"><span class='ocrx_word' id='word_1_228' title='bbox 386 3793 456 3832; x_wconf 89' lang='lat' dir='ltr'><strong>turn.</strong></span> <span class='ocrx_word' id='word_1_229' title='bbox 469 3777 508 3844; x_wconf 86' lang='lat'><strong>11,</strong></span> <span class='ocrx_word' id='word_1_230' title='bbox 528 3775 567 3828; x_wconf 85' lang='lat'><strong>15.</strong></span> <span class='ocrx_word' id='word_1_231' title='bbox 584 3777 624 3830; x_wconf 89' lang='lat' dir='ltr'><strong>De</strong></span> <span class='ocrx_word' id='word_1_232' title='bbox 638 3795 666 3828; x_wconf 91' lang='lat' dir='ltr'><strong>re</strong></span> <span class='ocrx_word' id='word_1_233' title='bbox 684 3777 748 3844; x_wconf 88' lang='lat' dir='ltr'><strong>Dio,</strong></span> <span class='ocrx_word' id='word_1_234' title='bbox 767 3778 827 3844; x_wconf 88' lang='lat' dir='ltr'><strong>LX,</strong></span> <span class='ocrx_word' id='word_1_235' title='bbox 845 3777 884 3828; x_wconf 81' lang='lat'><strong>13.</strong></span> <span class='ocrx_word' id='word_1_236' title='bbox 968 3792 991 3826; x_wconf 81' lang='lat' dir='ltr'><strong>a.</strong></span> <span class='ocrx_word' id='word_1_237' title='bbox 1004 3769 1380 3842; x_wconf 82' lang='lat' dir='ltr'><strong>Primisimperiidiebus,etc.</strong></span> <span class='ocrx_word' id='word_1_238' title='bbox 1391 3766 1436 3820; x_wconf 81' lang='lat' dir='ltr'><strong>cf.</strong></span> 
     </span>
     <span class='ocr_line' id='line_1_31' title="bbox 386 3843 1436 3930; baseline -0.015 -18"><span class='ocrx_word' id='word_1_239' title='bbox 386 3856 502 3912; x_wconf 71' lang='lat' dir='ltr'><strong>Possedit</strong></span> <span class='ocrx_word' id='word_1_240' title='bbox 513 3869 601 3909; x_wconf 86' lang='lat' dir='ltr'><strong>autem</strong></span> <span class='ocrx_word' id='word_1_241' title='bbox 616 3855 720 3910; x_wconf 76' lang='lat' dir='ltr'><strong>dimisso</strong></span> <span class='ocrx_word' id='word_1_242' title='bbox 730 3855 844 3930; x_wconf 82' lang='lat' dir='ltr'><strong>populo,</strong></span> <span class='ocrx_word' id='word_1_243' title='bbox 857 3871 886 3907; x_wconf 90' lang='lat' dir='ltr'><strong>ut</strong></span> <span class='ocrx_word' id='word_1_244' title='bbox 931 3857 996 3920; x_wconf 90' lang='lat' dir='ltr'><strong>Dio,</strong></span> <span class='ocrx_word' id='word_1_245' title='bbox 1011 3854 1072 3918; x_wconf 87' lang='lat' dir='ltr'><strong>LX,</strong></span> <span class='ocrx_word' id='word_1_246' title='bbox 1088 3854 1112 3906; x_wconf 89' lang='lat'><strong>3.</strong></span> <span class='ocrx_word' id='word_1_247' title='bbox 1126 3852 1165 3902; x_wconf 84' lang='lat' dir='ltr'><strong>De</strong></span> <span class='ocrx_word' id='word_1_248' title='bbox 1178 3849 1360 3902; x_wconf 72' lang='lat' dir='ltr'><strong>temtatoribas</strong></span> <span class='ocrx_word' id='word_1_249' title='bbox 1373 3843 1436 3898; x_wconf 82' lang='lat' dir='ltr'><strong>vide</strong></span> 
     </span>
     <span class='ocr_line' id='line_1_32' title="bbox 384 3928 1435 4012; baseline -0.019 -13"><span class='ocrx_word' id='word_1_250' title='bbox 384 3946 546 3999; x_wconf 81' lang='lat' dir='ltr'><strong>laniatorum</strong></span> <span class='ocrx_word' id='word_1_251' title='bbox 557 3939 686 4012; x_wconf 83' lang='lat' dir='ltr'><strong>adspectu</strong></span> <span class='ocrx_word' id='word_1_252' title='bbox 695 3935 788 3989; x_wconf 84' lang='lat' dir='ltr'><strong>oculos</strong></span> <span class='ocrx_word' id='word_1_253' title='bbox 798 3933 887 3988; x_wconf 84' lang='lat' dir='ltr'><strong>adhuc</strong></span> <span class='ocrx_word' id='word_1_254' title='bbox 932 3938 1011 3989; x_wconf 84' lang='lat' dir='ltr'><strong>etiam</strong></span> <span class='ocrx_word' id='word_1_255' title='bbox 1018 3935 1089 4003; x_wconf 83' lang='lat' dir='ltr'><strong>Lips.</strong></span> <span class='ocrx_word' id='word_1_256' title='bbox 1100 3928 1327 3982; x_wconf 71' lang='lat' dir='ltr'><strong>ad&#39;l&#39;aoit.dnnal.</strong></span> <span class='ocrx_word' id='word_1_257' title='bbox 1336 3929 1383 3992; x_wconf 86' lang='lat' dir='ltr'><strong>Xl,</strong></span> <span class='ocrx_word' id='word_1_258' title='bbox 1392 3943 1435 3979; x_wconf 74' lang='lat' dir='ltr'><strong>aa.</strong></span> 
     </span>
     <span class='ocr_line' id='line_1_33' title="bbox 385 4004 1437 4100; baseline -0.023 -21"><span class='ocrx_word' id='word_1_259' title='bbox 385 4036 514 4100; x_wconf 83' lang='lat' dir='ltr'><strong>pasceret.</strong></span> <span class='ocrx_word' id='word_1_260' title='bbox 967 4013 992 4064; x_wconf 85' lang='lat'><strong>3.</strong></span> <span class='ocrx_word' id='word_1_261' title='bbox 1005 4004 1437 4082; x_wconf 74' lang='lat' dir='ltr'><strong>Calamarioeautqraplriarioetle·</strong></span> 
     </span>
    </p>

    <p class='ocr_par' dir='ltr' id='par_1_7' title="bbox 388 4084 1438 4254">
     <span class='ocr_line' id='line_1_34' title="bbox 422 4084 1351 4172; baseline -0.022 -16"><span class='ocrx_word' id='word_1_262' title='bbox 422 4106 447 4172; x_wconf 74' lang='grc'><strong>4,</strong></span> <span class='ocrx_word' id='word_1_263' title='bbox 463 4103 650 4167; x_wconf 77' lang='lat' dir='ltr'><strong>Automatam,</strong></span> <span class='ocrx_word' id='word_1_264' title='bbox 660 4095 701 4150; x_wconf 84' lang='lat' dir='ltr'><strong>vel</strong></span> <span class='ocrx_word' id='word_1_265' title='bbox 708 4112 810 4171; x_wconf 74' lang='lat' dir='ltr'><strong>peqma.</strong></span> <span class='ocrx_word' id='word_1_266' title='bbox 820 4092 888 4146; x_wconf 86' lang='lat' dir='ltr'><strong>Vide</strong></span> <span class='ocrx_word' id='word_1_267' title='bbox 932 4110 975 4145; x_wconf 85' lang='lat' dir='ltr'><strong>coe.</strong></span> <span class='ocrx_word' id='word_1_268' title='bbox 988 4091 1055 4143; x_wconf 80' lang='lat' dir='ltr'><strong>Vide</strong></span> <span class='ocrx_word' id='word_1_269' title='bbox 1069 4089 1133 4141; x_wconf 67' lang='lat' dir='ltr'><strong>cas.</strong></span> <span class='ocrx_word' id='word_1_270' title='bbox 1146 4089 1195 4150; x_wconf 81' lang='lat'><strong>82;</strong></span> <span class='ocrx_word' id='word_1_271' title='bbox 1210 4084 1293 4155; x_wconf 71' lang='lat' dir='ltr'><strong>Calig.</strong></span> <span class='ocrx_word' id='word_1_272' title='bbox 1307 4085 1351 4138; x_wconf 73' lang='lat' dir='ltr'><strong>aa.</strong></span> 
     </span>
     <span class='ocr_line' id='line_1_35' title="bbox 388 4160 1438 4254; baseline -0.02 -18"><span class='ocrx_word' id='word_1_273' title='bbox 388 4160 525 4254; x_wconf 73' lang='lat' dir='ltr'><strong>Buleuger.</strong></span> <span class='ocrx_word' id='word_1_274' title='bbox 538 4178 556 4232; x_wconf 88' lang='lat' dir='ltr'><strong>l.</strong></span> <span class='ocrx_word' id='word_1_275' title='bbox 568 4198 593 4232; x_wconf 91' lang='lat' dir='ltr'><strong>c.</strong></span> <span class='ocrx_word' id='word_1_276' title='bbox 606 4189 633 4232; x_wconf 88' lang='lat' dir='ltr'><strong>et</strong></span> <span class='ocrx_word' id='word_1_277' title='bbox 645 4179 680 4230; x_wconf 84' lang='lat' dir='ltr'><strong>cl.</strong></span> <span class='ocrx_word' id='word_1_278' title='bbox 692 4174 775 4246; x_wconf 74' lang='lat' dir='ltr'><strong>Calig.</strong></span> <span class='ocrx_word' id='word_1_279' title='bbox 789 4170 831 4225; x_wconf 83' lang='lat'><strong>26.</strong></span> <span class='ocrx_word' id='word_1_280' title='bbox 968 4170 993 4236; x_wconf 75' lang='grc'><strong>4.</strong></span> <span class='ocrx_word' id='word_1_281' title='bbox 1006 4171 1084 4222; x_wconf 83' lang='lat' dir='ltr'><strong>Mota</strong></span> <span class='ocrx_word' id='word_1_282' title='bbox 1095 4165 1181 4233; x_wconf 83' lang='lat' dir='ltr'><strong>civili,</strong></span> <span class='ocrx_word' id='word_1_283' title='bbox 1192 4177 1242 4218; x_wconf 88' lang='lat' dir='ltr'><strong>etc.</strong></span> <span class='ocrx_word' id='word_1_284' title='bbox 1254 4165 1295 4217; x_wconf 84' lang='lat' dir='ltr'><strong>Cf.</strong></span> <span class='ocrx_word' id='word_1_285' title='bbox 1308 4181 1393 4238; x_wconf 85' lang='lat' dir='ltr'><strong>supra</strong></span> <span class='ocrx_word' id='word_1_286' title='bbox 1403 4162 1438 4216; x_wconf 79' lang='lat' dir='ltr'><strong>ad</strong></span> 
     </span>
    </p>

    <p class='ocr_par' dir='ltr' id='par_1_8' title="bbox 424 4241 1351 4329">
     <span class='ocr_line' id='line_1_36' title="bbox 424 4241 1351 4329; baseline -0.022 -14"><span class='ocrx_word' id='word_1_287' title='bbox 424 4261 449 4315; x_wconf 88' lang='grc'><strong>5.</strong></span> <span class='ocrx_word' id='word_1_288' title='bbox 476 4260 550 4314; x_wconf 80' lang='lat' dir='ltr'><strong>Sicut</strong></span> <span class='ocrx_word' id='word_1_289' title='bbox 569 4269 624 4311; x_wconf 83' lang='lat' dir='ltr'><strong>erat</strong></span> <span class='ocrx_word' id='word_1_290' title='bbox 646 4265 754 4329; x_wconf 72' lang='lat' dir='ltr'><strong>topatus.</strong></span> <span class='ocrx_word' id='word_1_291' title='bbox 774 4251 887 4305; x_wconf 80' lang='lat' dir='ltr'><strong>casaub.</strong></span> <span class='ocrx_word' id='word_1_292' title='bbox 933 4241 1315 4322; x_wconf 77' lang='lat' dir='ltr'><strong>cap.13,etDion.LX,15.</strong></span> <span class='ocrx_word' id='word_1_293' title='bbox 1347 4247 1351 4252; x_wconf 88' lang='lat'>&#39;</span> 
     </span>
    </p>
   </div>
   <div class='ocr_carea' id='block_1_5' title="bbox 0 0 1561 5152">
    <p class='ocr_par' dir='ltr' id='par_1_9' title="bbox 0 0 1561 5152">
     <span class='ocr_line' id='line_1_37' title="bbox 0 0 1561 5152; baseline 0 0"><span class='ocrx_word' id='word_1_294' title='bbox 0 0 1561 5152; x_wconf 95' lang='lat' dir='ltr'><strong> </strong></span> 
     </span>
    </p>
   </div>
  </div>
 </body>
</html>
