3066 5148
406 539 452 609 '30
784 537 821 602 G.
848 538 1078 604 SUETONII

402 669 450 740 oh
463 663 705 760 ignobilitatem
718 660 792 755 ejus
804 661 953 732 volebat:
969 663 1272 759 succensebatque,
1288 667 1385 759 siqui
1398 665 1446 733 vel

406 780 573 859 oratione,
586 775 640 843 vel
652 777 818 856 carmine,
833 774 1036 866 imaginibus
1053 798 1131 843 eum
1143 779 1314 843 Caesarum
1327 778 1447 844 insere·

405 906 492 960 rent.
511 885 717 956 Praedicabat
727 902 860 968 autem,
875 899 1019 953 matrem
1037 910 1133 954 suam
1146 909 1187 954 ex
1200 889 1346 969 incesto,
1361 885 1447 982 quod

405 1009 574 1094 Augustus
587 1022 666 1066 cum
677 996 767 1065 Julia
778 996 846 1064 filia
857 996 1081 1079 admisisset²,
1095 1013 1315 1090 procreatam.
1328 1005 1373 1066 Ac
1385 1023 1448 1068 non

404 1127 582 1180 contentus
599 1109 664 1176 hac
678 1111 819 1202 Augusti
833 1111 1069 1190 insectatione,
1089 1111 1239 1179 Actiacas
1258 1107 1448 1204 Siculasque

288 1299 291 1304 ,
403 1225 577 1302 victorias,
602 1238 641 1288 ut
660 1220 810 1288 funestas
831 1219 960 1313 populo
980 1225 1150 1300 Romano,
1173 1236 1207 1288 et
1227 1219 1447 1302 calamitosas,

404 1335 509 1402 vetuit
537 1328 745 1399 sollennibus
775 1330 864 1398 feriis
897 1328 1069 1398 celebrari.
1102 1333 1231 1398 Liviam
1268 1338 1448 1423 Augustam

403 1446 595 1538 proaviam,
613 1443 650 1510 U
647 1443 752 1532 tyxem
764 1443 935 1510 stolutnm3
949 1440 1132 1510 identidem
1144 1441 1339 1536 appellans,
1354 1444 1448 1510 etiam

404 1552 642 1650 ignobilitatis⁴
656 1553 801 1650 quadam
813 1554 857 1621 nd
869 1559 1030 1624 Senatum
1043 1555 1184 1649 epistola
1197 1579 1340 1647 arguere
1352 1577 1448 1623 ausus

404 1683 470 1749 est,
484 1669 581 1761 quasi
592 1682 743 1734 materno
755 1690 819 1733 avo
831 1669 1020 1734 Decurione
1032 1664 1196 1733 Fundano
1208 1683 1335 1749 ortam3
1349 1688 1448 1759 quum

404 1774 548 1868 publicis
572 1779 800 1843 monumentis
826 1793 955 1844 certum
981 1778 1040 1858 sit,
1069 1775 1239 1843 Aufidium
1264 1781 1449 1845 Lurconem

405 1894 520 1957 Romae
537 1888 723 1956 honoribus
742 1889 907 1958 functum.
930 1892 1020 1957 Aviae
1041 1893 1194 1958 Antoniae
1212 1905 1381 1958 secretum
1395 1911 1449 1982 pe·

404 2002 487 2067 tenti
499 1997 694 2091 denegavit,
709 2001 774 2068 nisi
790 2017 828 2068 ut
839 2003 1057 2070 interveniret
1071 2007 1187 2070 Macro
1201 2002 1391 2096 praefectus.
1407 2007 1450 2069 Ac

404 2135 466 2207 per
478 2111 667 2180 istiusmodi
683 2112 898 2204 indignitates
911 2130 944 2181 et
959 2113 1059 2182 taedia
1073 2137 1175 2182 causa
1186 2115 1312 2184 exstitit
1323 2115 1449 2195 mortis3

403 2221 483 2291 dato
494 2239 607 2290 tamen
621 2277 630 2305 ,
645 2239 684 2291 ut
695 2224 834 2318 quidam
847 2241 987 2317 putant,
1005 2242 1038 2294 et
1049 2249 1190 2294 veneno.
1204 2231 1273 2296 Nec
1286 2223 1449 2292 defimctae

403 2332 513 2401 ullum
523 2332 688 2402 honorem
699 2334 836 2418 habuit,
849 2339 1088 2430 prospexitque
1098 2361 1117 2403 e
1126 2335 1270 2403 triclinio
1279 2334 1449 2402 ardentem

404 2446 1297 2541 rogum.Fratrem⁵Tiberiuminopinantem,repente
1305 2448 1449 2514 immisso

403 2647 457 2684 tem
466 2631 516 2684 sub
524 2632 591 2683 Divo
599 2632 718 2701 Augusto
725 2633 834 2685 libertas
842 2635 906 2698 tuit,
951 2632 1099 2707 Glandorp.
1110 2635 1250 2687 Onomast.
1263 2651 1290 2706 p.
1305 2633 1369 2698 138,
1381 2650 1449 2684 eum·

404 2722 434 2763 nt
454 2712 615 2782 praepotenti
638 2726 702 2764 tunc
722 2714 759 2764 M.
783 2714 907 2786 Agrippa
951 2712 1012 2764 dem
1024 2727 1113 2783 putat,
1127 2714 1172 2783 qui
1183 2711 1268 2764 Cicer.
1281 2714 1333 2764 Pro
1345 2711 1449 2775 Flacco,

404 2807 458 2841 non
479 2787 630 2856 defuerint,
649 2791 696 2861 qui
716 2791 906 2864 ignobilitatem
952 2793 982 2860 4,
997 2791 1031 2844 ad
1046 2794 1125 2844 Attio.
1139 2793 1166 2858 t,
1184 2791 1232 2857 16,
1247 2804 1273 2843 et
1286 2790 1356 2844 Plio.
1367 2791 1406 2858 X,
1420 2806 1449 2841 20

403 2865 603 2939 exprobrarent.
615 2889 625 2913 ι
951 2873 1075 2941 (Varron.
1089 2872 1122 2924 de
1134 2874 1172 2924 Re
1184 2873 1259 2924 Rust.
1271 2873 1324 2938 ttt,
1340 2871 1385 2943 6),
1399 2887 1449 2922 me-

440 2965 463 2999 2.
477 2947 519 2998 Ex
531 2947 640 3010 incesto,
649 2949 719 3018 quod
728 2947 857 3023 Augustus
858 2988 905 3003 .....
951 2964 1077 3003 moratur.
1086 2951 1163 3004 Conf.
1171 2953 1271 3003 Ernest.
1281 2950 1355 3004 Clas.
1364 2950 1415 3002 Cic.
1423 2951 1448 3000 in

402 3027 552 3080 admisisset.
572 3026 670 3078 Contra
688 3026 821 3100 vulgarem
844 3049 906 3082 sen·
951 3031 990 3080 Μ.
1006 3030 1097 3080 Lurco.

392 3105 529 3173 tentiam,
545 3123 600 3177 quas
613 3103 647 3155 ad
659 3103 710 3156 hoe
722 3108 852 3158 incestum
865 3127 907 3160 ex·
987 3107 1012 3160 5.
1032 3108 1147 3159 Fratrem
1161 3106 1317 3160 Tiberium..
1327 3145 1348 3161 ..
1363 3109 1449 3160 intere·

403 3183 454 3237 sitii
465 3200 573 3236 eausam
585 3180 688 3249 retulit,
700 3202 753 3256 quo
765 3183 906 3238 damnatos
950 3187 1007 3238 mit.
1019 3188 1058 3239 Cf.
1072 3189 1138 3252 Dio,
1150 3188 1223 3251 ttx,
1237 3189 1262 3240 8.
1274 3190 1340 3240 Rem
1349 3191 1385 3240 ita
1395 3205 1449 3238 nan

402 3261 649 3335 Ovidius‚disputat
659 3265 685 3314 in
696 3263 793 3316 Ovidio
804 3279 905 3332 nostro,
951 3279 991 3317 rat
1005 3266 1098 3331 Philo,
1116 3279 1144 3317 ut
1163 3265 1281 3318 fabulam
1298 3286 1331 3320 ex
1348 3268 1449 3337 ingenio

403 3355 467 3393 tom.
478 3344 549 3407 Vnt,
558 3361 617 3412 pag.
628 3342 675 3394 261
684 3345 739 3408 ‚vir
745 3343 831 3396 doctis
838 3344 906 3398 bene
951 3358 1038 3398 texere
1048 3346 1184 3397 videatur:
1197 3345 1328 3400 Mandatn
1341 3348 1396 3400 Caii
1409 3346 1450 3396 tri·

403 3435 483 3472 notus
495 3422 653 3472 Vennenses.
950 3424 1036 3476 bunos
1048 3436 1073 3475 et
1083 3426 1252 3477 centuriones
1265 3425 1396 3497 quosdam
1408 3441 1449 3474 ve-

439 3499 465 3551 3.
479 3497 591 3569 Uiyxem
600 3496 739 3559 stotatnm·
751 3497 778 3551 id
789 3512 841 3564 est,
852 3499 905 3553 eai-
949 3505 1020 3556 nisse
1028 3503 1062 3555 ad
1071 3504 1299 3557 adolescentulum
1305 3505 1449 3564 Tiberium

403 3576 629 3640 iidnmieminam3
640 3596 694 3629 non
703 3577 817 3632 inficete.
827 3580 905 3633 Haud
950 3597 976 3634 et
987 3585 1111 3652 jussisse,
1124 3599 1154 3635 ut
1166 3603 1195 3636 se
1209 3588 1266 3656 ipse
1279 3584 1448 3644 interficerem

402 3653 495 3707 deerat
507 3657 641 3726 ingenium
654 3656 802 3709 Germanici
815 3657 877 3712 filio.
949 3682 1036 3734 neque
1056 3666 1125 3716 enim
1143 3666 1183 3717 fas
1206 3684 1279 3732 esse,
1300 3678 1330 3716 ut
1349 3661 1449 3718 soboles

438 3736 464 3802 4.
475 3735 563 3787 Etiam
577 3735 760 3808 ignobilitatis,
770 3750 821 3790 etc.
832 3739 906 3792 Liria
948 3745 1120 3814 imperatoria
1139 3764 1187 3817 per
1201 3745 1280 3796 atium
1297 3745 1448 3797 tolleretur:
1474 3745 1476 3750 '

402 3819 472 3869 enini
487 3835 550 3886 gens
564 3815 669 3888 plebeia
682 3831 747 3871 erat.
760 3818 800 3871 cf.
813 3820 903 3874 Tiber.
948 3822 1038 3889 ilium,
1055 3826 1100 3895 qui
1116 3826 1250 3876 neminem
1266 3823 1354 3877 adhuc
1369 3821 1450 3877 occidi

401 3896 428 3948 3.
443 3895 543 3950 Tiberii
557 3909 645 3948 autem
657 3910 802 3950 maternam
821 3902 904 3952 aviam
949 3903 1071 3970 vidisset,
1091 3917 1117 3957 et
1133 3907 1160 3955 in
1178 3923 1281 3956 summa
1296 3923 1385 3956 rerum
1403 3906 1450 3954 im·

402 3975 557 4028 Fundanam
574 3977 669 4042 inisse,
688 3977 775 4049 prodit
792 3981 904 4048 Noster,
949 3983 1045 4052 peritia
1057 3997 1169 4054 propter
1180 3995 1281 4035 aetatem
1293 3996 1448 4048 versaretur,

400 4052 492 4107 Tiber.
511 4056 535 4108 5.
554 4081 591 4095 -·
605 4054 741 4129 Aufidium
761 4057 904 4111 Lurconem
948 4065 1035 4133 primo
1049 4062 1139 4127 abiis,
1153 4065 1198 4134 qui
1211 4065 1450 4136 venerant,petiis·

402 4133 453 4204 (ita
466 4136 536 4187 enim
549 4136 598 4186 siri
613 4134 687 4188 docti
701 4153 875 4206 consensere,
890 4159 904 4193 e
950 4160 993 4210 se,
1010 4155 1041 4195 ut
1058 4142 1109 4196 sibi
1127 4143 1221 4216 aliquis
1235 4148 1368 4210 cervices,
1387 4159 1450 4214 quas

401 4211 474 4266 MSS.
489 4212 658 4268 scdbendum
676 4233 727 4287 pro
746 4215 905 4288 lingonem)
949 4222 1139 4294 protenderet,
1170 4239 1341 4297 amputaret:
1373 4223 1449 4292 dein,
