3066 5148
464 537 468 542 ’
509 567 767 632 cumcunl.
1118 557 1166 661 ‘9
1216 633 1217 636 γ

1 683 2 760 J
111 694 250 760 victimis
270 694 309 757 in
324 687 531 782 Capitolium
546 711 751 759 concursum
770 706 836 774 est,
856 715 895 758 ac
912 715 1010 784 pune
1023 693 1167 764 revulsae

1 841 2 850 .
112 801 226 895 templi
246 802 356 886 fores,
378 825 425 868 ne
444 798 527 894 quid
546 803 725 892 gestientes
744 816 823 868 vota
841 799 982 870 reddere
1000 827 1169 872 moraren-

113 928 194 980 tur2.
215 911 486 1005 Expergefactus
505 933 524 976 e
545 934 665 978 somno
683 911 839 978 Tiberius
858 929 909 979 est
927 913 1168 1005 gratulantium

114 1021 270 1103 vocibus,
295 1038 398 1116 atque
420 1019 572 1116 undique
590 1023 858 1105 concinentium,
883 1053 896 1081 ιι
908 1022 1005 1091 Salva
1023 1025 1166 1108 ³R0ma,

116 1130 203 1201 salva
224 1133 355 1224 patria,
378 1129 492 1197 salvus
513 1146 564 1196 est
582 1131 847 1198 Germanicuslr
871 1130 935 1198 Sed
953 1147 992 1197 ut
1012 1131 1167 1217 demum,

115 1242 180 1309 lato
193 1241 371 1324 functum,
388 1239 504 1334 palam
521 1239 648 1308 factum
668 1255 734 1323 est,
753 1264 823 1308 non
838 1239 964 1309 solatiis
982 1239 1078 1326 ullis,
1100 1269 1169 1312 non

115 1351 230 1420 edictis
241 1351 391 1418 inhiberi
408 1351 519 1418 luctus
536 1349 694 1444 publicus
710 1353 836 1443 potuit,
851 1349 1052 1448 duravitque
1069 1357 1169 1423 etiam

114 1487 173 1556 per
185 1463 294 1531 festos
308 1462 500 1531 Decembris
511 1465 637 1530 mensis
654 1461 755 1530 diest.
770 1466 871 1530 Auxit
883 1463 1024 1556 gloriam
1040 1463 1171 1534 deside-

1 1639 2 1650 ,
114 1577 272 1668 riumque
293 1571 444 1640 defuncti
468 1576 568 1640 etiam
590 1575 747 1641 atrocitas
769 1576 1020 1669 insequentium
1043 1591 1171 1670 tempo-
1259 1609 1260 1613 ¹

114 1707 208 1766 rum,
224 1686 356 1751 cunctis
373 1707 437 1750 nec
452 1699 578 1758 temere
590 1683 824 1775 opinantibus,
839 1688 1028 1753 reverentia
1042 1683 1114 1779 ejus
1130 1711 1170 1755 ac

1 1795 2 1828 ³
113 1811 206 1862 metu
218 1818 412 1888 repressam
423 1795 550 1863 Tiberii
563 1795 855 1890 saevitiam⁵‚'quae
867 1820 947 1865 mox
960 1801 1121 1890 eruperit.

157 1910 236 1973 Vll.
264 1905 393 1973 Habuit
409 1908 445 1972 in
463 1908 677 1974 matrimonio
695 1910 930 2000 Agrippinam,
947 1914 994 1975 M.
1013 1912 1170 2004 Agrippae

1 2081 2 2090 ,
115 2033 147 2083 et
159 2015 263 2084 Juliae
277 2016 398 2101 filiam,
412 2033 499 2086 etex
513 2043 553 2085 ea
564 2043 685 2087 novem
696 2017 820 2086 liberos
835 2018 928 2088 tulit:
945 2044 1090 2120 quorum
1100 2019 1170 2087 duo

114 2126 261 2194 infantes
275 2126 388 2196 adbuc
402 2131 505 2220 rapti,
520 2154 609 2196 unus
620 2127 692 2222 jam
706 2153 926 2222 puerascens,
945 2133 1068 2223 insigni
1084 2131 1171 2199 festi-

115 2241 229 2322 vitate,
248 2235 347 2332 cujus
364 2237 510 2330 effigiem
526 2239 643 2308 habitu
654 2241 829 2334 Cupidinis
844 2244 880 2308 in
892 2240 964 2310 aede
975 2241 1170 2335 Capitolinae

1 2343 2 2369 ¹
115 2353 273 2419 Veneris¹
292 2354 387 2418 Livia
402 2349 584 2436 dedicavit,
599 2360 772 2446 Augustus
783 2357 820 2425 in
835 2353 991 2422 cubiculo
1006 2379 1068 2423 suo
1082 2356 1171 2448 posi-

115 2479 197 2546 tam,
221 2461 492 2558 quotiescunque
512 2466 680 2548 introiret,
700 2464 967 2534 exosculabatur.
988 2467 1096 2532 Ceteri
1118 2489 1171 2532 su·

115 2577 275 2666 perstites
292 2563 548 2667 patri'fuerunt.
562 2580 646 2643 Tres
664 2599 763 2644 sexus
781 2575 949 2660 feminini,
969 2578 1169 2668 Agrippina,

116 2683 279 2769 Drusilla,
293 2683 428 2768 Liuilla,
443 2689 603 2754 continuo
615 2688 758 2753 triennio
771 2702 876 2752 natae:
890 2683 1030 2753 totidem
1041 2709 1169 2766 marce,

117 2797 203 2862 Nero
218 2811 253 2861 et
267 2800 398 2863 Drusus
412 2811 446 2863 et
456 2800 492 2863 C.
511 2802 634 2865 Caesar.
650 2802 820 2865 Neronem
837 2813 869 2864 et
886 2803 1053 2866 Drusum²
1072 2799 1171 2864 Sena·

1 2972 2 2998 ,
116 2920 184 2986 tus,
198 2904 337 2974 Tiberio
350 2907 569 2990 criminante,
582 2905 697 2974 hostes
706 2905 878 3000 judicavit.

151 3175 175 3209 a.
186 3159 231 3211 lte
240 3157 309 3231 qnid
316 3160 479 3232 gestientes...
492 3177 621 3212 moraren-
666 3177 774 3233 quoque
786 3172 907 3231 tempora
917 3157 954 3210 illi
964 3158 1083 3210 diverse:
1098 3176 1171 3228 egre-

117 3246 164 3286 tnr.
175 3236 317 3307 Optimam
329 3255 388 3288 eam
400 3240 548 3309 recepimus
559 3256 621 3289 eum
664 3242 737 3311 gium
746 3242 800 3292 vitu
814 3241 938 3311 famaque
949 3236 1038 3310 quoad
1051 3238 1170 3308 privatus

116 3317 259 3369 burmann.
275 3316 452 3391 Oudendorp.
467 3320 568 3370 Ernest.
583 3317 622 3370 le·
665 3319 707 3372 vel
722 3321 748 3372 in
764 3321 882 3392 imperiis
899 3318 949 3371 sub
968 3322 1088 3389 Augusto
1105 3319 1170 3381 fuit;

116 3398 239 3448 edonem.
250 3395 330 3468 Vulg.
344 3409 495 3450 moraretur.
507 3398 620 3451 Sensus:
667 3399 801 3452 occultum
821 3418 851 3452 ac
875 3397 1019 3452 subdolum
1041 3397 1171 3469 fingendis

115 3495 147 3530 ne
157 3477 233 3530 iores
246 3496 276 3530 se
287 3491 350 3531 rota
361 3477 470 3531 reddere
481 3479 622 3548 gestientes
666 3479 823 3545 virtutibus,
843 3478 929 3531 donec
947 3477 1120 3530 Germanicus
1140 3494 1171 3529 ac

117 3554 180 3626 quid
192 3553 240 3626 (id
255 3567 312 3622 est,
325 3576 365 3621 on,
381 3553 470 3628 aliquo
488 3553 568 3608 modo
580 3555 622 3607 vel
657 3558 769 3612 ‘Drusus
781 3559 945 3630 superfuere.
958 3581 969 3605 n

118 3633 227 3706 aliquod
243 3637 429 3707 momentum)
444 3645 620 3703 morarentur,
701 3641 758 3690 Vll.
772 3656 794 3689 1.
807 3641 841 3690 In
852 3639 905 3690 oede
917 3635 1073 3708 Capitoline
1086 3635 1169 3690 Vene-

118 3713 275 3766 detinerent.
667 3720 709 3772 rit.
733 3720 958 3772 Commemoratur
980 3720 1060 3770 etiam
1082 3718 1169 3785 infra,

149 3795 175 3846 3.
189 3791 274 3846 &lua
284 3794 382 3858 Roma,
397 3805 447 3845 etc.
461 3795 556 3846 Versus
569 3806 621 3845 tro-
666 3797 743 3850 Galb.
759 3816 818 3870 cap.
835 3799 874 3850 18.
887 3796 954 3848 Vide
968 3796 1078 3848 Nardin.
1092 3798 1170 3848 Rom.

119 3870 224 3924 clinicus
234 3883 388 3924 tetrameter
399 3872 576 3925 catalecticus.
666 3879 725 3927 Vet.
731 3880 763 3942 V,
777 3877 820 3941 16,
829 3878 888 3948 qui,
896 3888 985 3928 utrum
992 3874 1084 3927 eadem
1092 3889 1169 3948 atque

150 3951 175 4018 4.
198 3953 347 4024 Perfectus
364 3952 513 4006 Decembris
527 3951 622 4005 mentis
666 3955 788 4026 Erycino·
807 3956 914 4011 Veneris
934 3953 1003 4007 redes
1020 3955 1118 4023 fuerit,
1137 3973 1169 4008 an

121 4031 183 4093 dier,-
197 4031 358 4084 Saturnalia.
670 4032 771 4098 Calvoe,
784 4052 818 4086 an
830 4047 856 4087 et
868 4034 989 4101 alterius,
1001 4036 1130 4087 incertum
1141 4051 1169 4086 se

152 4109 177 4163 5.
194 4112 349 4165 demna
361 4112 438 4184 ςῘιιε..
448 4147 467 4160 ..
483 4126 622 4180 repressam
666 4110 773 4162 letetur.

125 4189 217 4244 Tiberii
223 4193 359 4245 aninam.
371 4190 451 4242 Conf.
462 4190 527 4256 Dio,
539 4187 621 4256 LVII,
704 4205 729 4241 a.
746 4191 878 4244 Neronem
890 4201 917 4243 et
924 4191 1053 4258 Drusum,
1066 4204 1115 4242 ete.
1125 4189 1168 4242 cf.

127 4266 621 4338 19.Tacit.Annal.Vl,51:11moruor
666 4266 812 4343 Tiberiid.
1022 4301 1024 4308 ·
