3066 5148
424 564 467 646 34
800 560 837 624 o.
862 558 1095 626 sunroun

422 686 696 771 accumbentem,
720 685 823 754 «Noli
840 711 983 755 uxorem
998 675 1109 756 meam
1126 711 1321 781 premeret»
1343 691 1453 760 statim·

423 827 490 899 que
508 826 527 870 e
546 801 699 870 convivio
712 795 893 866 abduxisse
905 821 1001 883 eam,
1020 824 1060 868 ac
1073 805 1227 894 proximo
1241 800 1294 870 die
1307 799 1450 884 edixisse,

421 915 748 984 MATRIMONIUM
780 913 859 979 SlBl
891 915 1131 980 REPERTUM
1146 917 1361 982 'EXEMPDO
1388 916 1452 982 RO-

421 1030 535 1096 MULI
549 1029 607 1092 ET
622 1024 812 1093 AUGUSTI
819 1020 844 1088 4.
864 1021 1008 1090 Lolliam
1021 1024 1235 1108 Paulinam⁵‚
1253 1030 1288 1093 C.
1308 1028 1452 1094 Memmio

421 1135 611 1218 consulari,
638 1135 805 1202 exercitus
827 1136 976 1226 regenti,
998 1150 1162 1228 nuptam,
1188 1137 1275 1203 faeta
1298 1137 1453 1202 mentione

418 1250 503 1316 avi'ae
511 1243 602 1340 ejus,
614 1261 654 1312 ut
665 1241 837 1340 quondam
848 1243 1101 1336 pulcherrimae,
1115 1245 1227 1314 subito
1242 1271 1283 1314 ex
1296 1247 1451 1339 provincia

419 1361 586 1441 evocavit,
601 1381 641 1426 ac
658 1355 855 1449 perductam
869 1380 891 1423 a
904 1358 1048 1425 marito6
1067 1356 1241 1452 conjunxit
1259 1359 1338 1441 sibi,
1355 1358 1449 1426 brevi-

419 1493 487 1565 que
507 1471 646 1537 missam
668 1467 763 1548 fecit,
779 1465 964 1536 'interdicto
987 1465 1189 1564 cujusquam
1209 1473 1452 1563 inperpetuum

419 1585 521 1650 coitu.
535 1582 761 1662 Caesoniam,
775 1602 886 1673 neque
898 1579 982 1647 facie
994 1581 1135 1671 insigni,
1150 1603 1263 1675 neque
1277 1594 1370 1646 aetate
1381 1579 1453 1643 inte-

420 1718 496 1786 gra,
514 1710 723 1789 matremque
738 1690 810 1786 jam
825 1716 866 1759 ex
881 1691 948 1760 alio
961 1695 1034 1761 viro
1048 1696 1151 1760 trium
1165 1693 1328 1775 filiarum,
1342 1689 1398 1758 sed
1411 1688 1454 1755 lu·

417 1808 524 1874 xuriae
547 1831 587 1874 ac
609 1805 753 1874 lasciviae
774 1803 930 1897 perditae,
953 1821 987 1874 et
1008 1806 1181 1874 ardentius
1203 1821 1239 1872 et
1260 1804 1453 1874 coustantius

418 1921 559 1988 amavit:
580 1935 618 1986 ut
635 1941 726 2011 saepe
744 1916 924 2012 chlamyde
937 1919 1096 2016 peltaque
1115 1934 1149 1988 et
1162 1919 1259 2011 galea
1274 1917 1453 1994 ⁸oruatam,

416 2054 456 2098 ac
465 2028 562 2124 juxta
575 2030 844 2127 adequitantem,
862 2028 1023 2100 militibus
1038 2032 1240 2116 ostenderit,
1260 2032 1371 2098 amicis
1382 2047 1454 2094 vero

416 2143 517 2210 etiam
528 2139 667 2209 nudam.
681 2146 792 2230 Quam
804 2143 937 2210 enixam
948 2147 1066 2212 uxorio
1078 2146 1215 2212 nomine
1229 2142 1380 2234 diguatus
1392 2151 1454 2216 est,

415 2371 531 2436 misisse,
539 2371 585 2445 qui
593 2356 842 2423 dicereteisoni.'1ta
849 2371 919 2424 Grae·
963 2373 1057 2442 LVlll,
1069 2369 1115 2444 9),
1126 2373 1268 2444 praefectue
1277 2381 1368 2442 postea
1377 2366 1457 2418 Mace·

415 2452 440 2520 ci
451 2445 594 2502 tanatum
606 2449 700 2502 dicunt
713 2463 738 2502 et
749 2445 864 2515 ninam,
876 2452 920 2502 iu·
964 2451 1049 2504 doniae
1059 2467 1085 2505 et
1094 2451 1280 2521 Achaiae(vide
1288 2447 1360 2519 Pigh.
1370 2441 1455 2496 Annal.

415 2528 505 2581 voluta
514 2528 628 2601 jubendi
640 2530 758 2614 notione.
769 2528 835 2581 Vide
848 2529 920 2581 Stur·
964 2529 998 2582 ad
1011 2550 1072 2582 ann.
1086 2531 1132 2601 781
1143 2530 1170 2600 ),
1181 2529 1255 2581 unde
1265 2519 1456 2597 transponendi

413 2609 445 2660 tii
457 2609 519 2660 Lex.
532 2607 656 2679 Xenoph.
668 2611 696 2660 iu
705 2603 821 2676 alperto,
831 2611 878 2660 N⁰.
896 2627 921 2676 1,
963 2610 1076 2662 Romam
1089 2611 1162 2662 lovis
1173 2607 1291 2680 Olympii
1304 2606 1455 2675 negotiana

413 2686 453 2740 lit.
467 2707 485 2739 t.
497 2689 537 2740 De
549 2706 599 2740 usu
609 2689 696 2740 Latini
707 2688 783 2740 verbi
795 2688 920 2739 mandare
963 2689 1083 2762 Caligula
1103 2689 1196 2740 datum
1218 2691 1246 2741 ei
1269 2688 1333 2740 dicit
1354 2679 1456 2754 loseph·

413 2765 919 2834 hocsensucf.Freinshem.indFlori,
963 2770 1040 2838 xlx,
1056 2789 1081 2822 1:
1098 2770 1132 2822 cf.
1146 2787 1228 2840 supra
1242 2769 1277 2822 ad
1288 2785 1346 2837 cop.
1361 2783 1400 2818 22.
1412 2763 1456 2814 De·

414 2858 442 2897 et
453 2845 552 2898 Duker.
567 2846 600 2898 ad
612 2846 682 2897 Flor.
697 2847 748 2912 111,
763 2847 796 2913 3,
809 2845 835 2898 6.
963 2851 1117 2902 functione.
1128 2849 1179 2903 815
1189 2849 1285 2903 laudes
1294 2843 1458 2902 celebratTa·

450 2924 476 2992 4.
496 2923 626 2996 Exemplo
640 2924 748 2977 Romuli
761 2935 786 2976 et
801 2923 918 2997 Aupusti.
964 2931 1008 2982 cit.
1022 2929 1117 2982 Annal.
1131 2931 1201 2996 XIV,
1213 2929 1270 2996 46..

413 3001 920 3084 Romulusenimttersitiamtvideetu-
999 3009 1025 3062 6,
1044 3010 1084 3060 Ac
1101 3011 1256 3082 perductam
1274 3029 1291 3061 a
1311 3006 1418 3064 maritof
1434 2996 1457 3051 id

414 3081 497 3136 taroh.
514 3081 619 3136 Romul.
639 3082 702 3154 tl),
720 3084 856 3154 Augustus
873 3083 919 3134 Iri-
964 3079 1458 3158 eet,turpitertraditam.Eusebius,in

413 3165 499 3229 viam,
514 3177 610 3236 nuptas
622 3163 695 3233 jam,
707 3161 882 3214 abduxerant.
963 3167 1111 3232 Chronico,
1129 3167 1231 3220 «Caius
1247 3166 1364 3218 Memmii
1375 3155 1460 3231 Reguli

451 3243 475 3297 5.
486 3243 601 3297 Lolliam
615 3243 771 3307 Paulinam,
786 3255 836 3295 etc.
849 3245 917 3294 ton.
962 3265 1071 3300 uxorem
1084 3246 1175 3310 duxit,
1191 3245 1332 3319 impellens
1346 3259 1418 3305 eum,
1435 3244 1461 3287 ul

415 3341 476 3395 79²·
489 3324 529 3376 cf.
542 3325 610 3388 Diu,
621 3324 696 3389 LlX,
712 3340 752 3374 12.
765 3325 826 3374 llaec
837 3321 919 3374 Lollia
965 3327 1051 3378 uxoris
1059 3342 1110 3378 suoe
1118 3336 1220 3396 patrem
1229 3343 1280 3381 esse
1287 3343 1312 3376 se
1319 3321 1458 3381 scriberet,-

413 3404 498 3455 Tacit.
514 3401 610 3454 Annal.
628 3403 693 3469 XII,
714 3419 737 3468 r,
751 3401 803 3453 filia
822 3400 919 3453 dicitur
963 3405 1010 3456 ubi
1025 3403 1083 3458 vide
1096 3405 1223 3473 Scaliger.
1239 3400 1368 3456 Consulto
1381 3409 1460 3450 autem

413 3485 451 3536 M.
464 3481 542 3534 Lollii
553 3479 717 3547 consularis,
728 3494 754 3533 et
764 3483 851 3553 neptis
863 3493 919 3533 erat
962 3483 1118 3536 Suetonium
1130 3501 1208 3535 usum
1225 3483 1298 3553 turpi
1310 3479 1390 3532 verbo
1406 3490 1460 3548 per·

413 3562 451 3613 M.
461 3561 554 3628 Lollii,
567 3559 601 3612 de
611 3579 664 3633 quo
675 3557 775 3610 dictum
786 3560 819 3612 ad
828 3560 916 3612 Tiber.
962 3564 1066 3618 ductam
1078 3564 1129 3636 (cf.
1141 3561 1231 3616 Tiber.
1247 3563 1281 3630 45
1289 3563 1313 3635 ),
1329 3578 1409 3633 quum
1419 3555 1460 3607 de·

417 3655 457 3691 12.
472 3638 541 3689 Vide
560 3635 626 3690 Plio.
648 3638 714 3690 Hist.
733 3639 796 3689 Nat.
811 3639 863 3704 nt,
883 3635 917 3691 35
962 3643 1022 3696 duci
1044 3645 1153 3715 proprie
1174 3661 1281 3714 sponsae
1301 3641 1462 3698 dicerentur,

413 3716 489 3789 (58).
503 3716 607 3770 Claudii
624 3718 796 3789 Imperatoris
810 3719 918 3790 nuptias
962 3736 1034 3774 tecte
1046 3725 1181 3774 monuisse
1195 3712 1461 3774 noannoeane

412 3810 508 3868 postea
520 3794 627 3863 ambiit,
642 3808 747 3847 mortua
760 3798 917 3865 Messalina,
962 3803 1461 3874 verboperducemensuutmque,tur·

411 3873 463 3946 (cf.
475 3875 559 3926 Tacit.
572 3877 640 3927 Anu.
654 3875 672 3926 l.
685 3893 709 3926 c.
722 3877 811 3928 Nosti.
822 3874 916 3928 Claud.
962 3884 991 3953 pi
1003 3895 1030 3935 et
1041 3882 1170 3950 honesto,
1183 3882 1241 3934 vide
1252 3881 1359 3935 Waloh.
1371 3875 1403 3931 ad
1414 3877 1462 3928 La·

414 3955 464 4026 26)
476 3953 510 4005 ad
521 3966 635 4005 mortem
647 3952 742 4005 adacta
752 3953 813 4006 odio
822 3957 918 4026 Agrip-
962 3971 1045 4011 etant.
1057 3961 1107 4025 Vl,
1124 3977 1164 4031 17,
1176 3958 1223 4012 ubi
1231 3961 1396 4032 perductores
1404 3965 1461 4008 suot

412 4035 480 4106 pinae
493 4051 555 4085 aun.
570 4031 636 4097 803,
648 4033 733 4084 Tacit.
746 4033 840 4085 Annal.
855 4035 916 4103 Xll,
962 4037 1068 4091 lenones
1078 4049 1228 4094 scortorum.

414 4131 457 4166 22.
469 4142 505 4154 -
518 4115 545 4166 C.
559 4113 685 4164 Memmio
696 4112 835 4166 consulari.
847 4113 916 4166 Cou—
997 4134 1023 4187 7.
1035 4118 1193 4184 Caesoniam,
1203 4129 1254 4171 etc.
1266 4114 1458 4184 Dio,LlX,1a.

413 4193 454 4246 sul
467 4195 556 4246 fuerat
568 4211 628 4244 ann.
643 4191 711 4261 784,
727 4211 782 4263 quo
797 4206 916 4265 tempore
996 4197 1022 4250 8.
1040 4197 1182 4266 Ornatam,
1194 4199 1360 4251 instructam.
1373 4191 1459 4245 alar·

413 4291 556 4345 oppressus
566 4285 606 4325 est
615 4272 725 4342 Sejanus
735 4272 823 4342 (conf.
835 4274 914 4326 Dion.
961 4285 1059 4327 matam
1072 4296 1087 4329 e
1099 4277 1196 4347 glossa.
