3048 5142
294 575 298 582 .
381 513 444 580 292
752 487 787 550 C.
814 484 1046 552 SUETONH

378 633 516 700 nuetut,
536 630 570 683 et
588 611 901 706 supervenientibus
916 611 989 679 aliis
1006 636 1026 680 e
1041 611 1224 697 Dalmatia,
1241 618 1421 684 Pannonia-

375 754 445 823 que
466 744 500 795 et
518 727 654 792 Moesia:
678 746 721 788 ne
740 725 837 790 victis
857 713 999 816 quidem*
1015 722 1099 790 adeo
1116 723 1271 822 affictis,
1292 741 1332 792 ut
1353 749 1419 793 non

333 859 336 866 ’
375 843 413 904 in
429 837 591 904 ultionem
608 835 800 926 ignominias
819 832 952 928 quidvis
971 833 1172 916 discriminis
1189 833 1298 918 ultro,
1319 853 1354 903 et
1369 835 1419 904 vel

275 950 289 974 ⁰
380 947 460 1016 solae
472 945 634 1014 subirent.

424 1065 465 1128 X.
492 1057 649 1124 Interfuit
672 1053 845 1124 bochello
866 1072 961 1148 pater
983 1080 1079 1124 meus
1103 1059 1282 1127 Suetonius
1303 1063 1420 1142 Leuis,

390 1173 486 1238 ertiae
501 1168 639 1236 decimae
653 1165 793 1258 legionis
805 1166 977 1254 Tribunus
990 1165 1253 1259 angusticlavius
1263 1178 1286 1235 ¹.
1301 1173 1334 1236 ls
1346 1193 1421 1236 mox

378 1284 503 1352 referre
521 1280 639 1349 crebro
657 1278 803 1360 solebat,
824 1277 991 1347 Othonem
1010 1283 1110 1347 etiam
1129 1284 1298 1373 privatum
1315 1305 1422 1376 usquc

378 1393 463 1460 adeo·
481 1391 684 1458 detestatum
703 1386 813 1456 civilia
831 1413 948 1472 arma,
967 1407 1027 1474 ut,
1048 1407 1256 1458 memorante
1275 1391 1422 1486 quodam

378 1508 467 1570 inter
484 1500 602 1594 epulas
621 1499 663 1566 de
681 1502 785 1567 Cassii
803 1503 963 1594 Brutique
984 1504 1091 1584 exitu,
1113 1501 1322 1570 cohorruerit
1339 1530 1347 1570 :
1363 1527 1422 1571 nec

378 1619 625 1682 concursurum
645 1635 720 1678 cum
743 1610 849 1678 Galba
869 1611 994 1680 fuisse²
1010 1665 1019 1694 ,
1038 1615 1103 1680 nisi
1124 1612 1331 1696 confideret,
1353 1619 1421 1684 sine

379 1724 467 1792 bello
486 1747 558 1789 rem
577 1725 716 1813 transigi
740 1745 838 1814 posse
857 1747 864 1786 ε
885 1713 966 1788 tunc
984 1723 1027 1790 ad
1048 1722 1299 1816 despiciendam
1321 1727 1422 1800 ,vitam

377 1835 533 1928 exemplo
545 1832 764 1927 manipularis
776 1833 910 1900 militis³
923 1838 1144 1918 concitatum,
1159 1839 1232 1929 qui,
1246 1860 1355 1929 quum
1365 1835 1423 1904 cla·
1510 1903 1514 1914 ,

379 1949 455 2016 dem
469 1948 634 2014 exercitus
651 1949 845 2028 nunciaret,
858 1969 921 2012 nec
938 1948 1095 2039 cuiquam
1113 1945 1213 2014 lidem
1229 1947 1372 2030 laceret,
1385 1972 1423 2014 ac

379 2083 473 2127 nunc
491 2055 675 2135 mendacii,
689 2078 779 2123 nunc
791 2057 938 2136 timoris,
957 2059 1054 2149 quasi
1071 2057 1210 2149 fugisset
1221 2081 1261 2124 ex
1274 2060 1364 2140 acie,
1377 2083 1424 2124 ar·

378 2186 556 2263 gueretur‚
577 2166 687 2259 gladio
708 2166 905 2258 antepedes
926 2165 997 2260 ejus
1017 2167 1216 2236 incubuerit.
1238 2173 1312 2235 Hoc
1330 2172 1423 2252 viso,

378 2276 603 2372 proclamasse
615 2300 693 2343 eum
703 2327 710 2357 ,
722 2275 849 2358 aiebat,
867 2307 880 2336 κ
894 2281 968 2344 Non
981 2278 1127 2368 amplius
1139 2301 1175 2344 se
1187 2280 1221 2343 in
1234 2279 1423 2369 periculum

378 2389 460 2456 tales
472 2386 700 2481 tamquebene
708 2390 842 2455 meritos
853 2386 1114 2481 conjecturuml.
1127 2421 1139 2450 υ
1152 2393 1422 2482 Fratremigitur,

378 2499 556 2591 fratrisque
571 2495 715 2580 fitium⁵‚
733 2513 766 2564 et
784 2497 933 2588 singulos
952 2502 1136 2566 amicorum
1156 2497 1370 2582 cohortatus,
1387 2520 1424 2568 ut

411 2748 444 2799 X.
474 2765 495 2799 1,
523 2745 649 2800 Tribunus
666 2747 876 2820 αηφωιὶσῐηυῑω,
923 2757 981 2790 rum
997 2739 1086 2793 fuisse.
1112 2741 1151 2792 lta
1168 2739 1383 2794 wttbreoitelrm
1397 2752 1424 2791 et

376 2827 538 2902 Tribunatus
551 2839 607 2877 erat
623 2841 677 2877 turn
692 2825 782 2891 militia
796 2847 878 2899 eque-
923 2815 1032 2874 'v'mott
1052 2819 1122 2890 apud
1139 2821 1258 2885 Graecos,
1274 2819 1308 2872 de
1327 2822 1424 2892 quovis

374 2906 452 2968 stris,
474 2917 503 2954 ut
520 2901 660 2954 Suetonius
678 2902 757 2954 docet
775 2905 832 2975 ipse
850 2907 877 2956 in
922 2900 1063 2949 certamine
1076 2911 1101 2950 et
1113 2899 1249 2951 seditione.

377 2987 489 3056 August.
514 3001 572 3053 cup.
596 2982 638 3036 38.
671 2981 723 3034 Sed
743 2982 877 3035 interdurn
957 2977 982 3029 3.
1003 2978 1131 3050 Exemplo
1142 2979 1424 3050 manipularismt'litt't.

379 3066 456 3116 etiam
464 3081 518 3114 non
526 3063 633 3132 Equites
642 3060 675 3112 ad
685 3061 757 3113 hunc
767 3060 878 3132 gradum
922 3053 962 3106 Cf·
973 3054 1074 3126 Xiphll·
1086 3055 1178 3120 LXIV,
1193 3071 1237 3122 ¹1,
1250 3072 1276 3108 et
1288 3057 1424 3111 Plutarch.

378 3141 531 3194 fortitudine
541 3157 652 3206 venere,
665 3154 691 3192 et
701 3137 840 3213 propterea
850 3143 877 3192 in
922 3151 981 3204 Cap·
1003 3135 1049 3198 15,
1070 3135 1172 3187 diverse
1189 3147 1275 3187 tamen
1290 3157 1348 3189 rem
1364 3159 1426 3190 nne

378 3223 503 3292 Equitum
518 3239 657 3273 numerum
674 3220 766 3285 relati,
788 3233 816 3271 ut
835 3219 877 3272 hic
922 3227 1033 3266 rentem.
1044 3213 1156 3266 Similem
1166 3215 1348 3267 fortitudinem
1359 3218 1424 3270 Julii

378 3301 518 3353 Suetonius
535 3299 621 3349 Lenis.
644 3297 694 3350 sed
713 3297 741 3348 hi
760 3299 800 3349 usi
816 3312 877 3350 sunt
921 3297 1050 3364 Agrestis,
1064 3294 1288 3348 Centuriouissub
1298 3297 1425 3364 Vitellio,

376 3378 457 3428 veteri
479 3377 603 3446 Equitum
629 3378 742 3447 insigni,
769 3388 876 3450 anqtuto
922 3387 1010 3425 narrat
1030 3375 1115 3425 Tacit·
1135 3375 1324 3441 Eisr.111,5t.
1353 3379 1425 3429 Nam

377 3455 463 3522 clauo,
482 3475 562 3526 quum
576 3458 607 3522 ii,
622 3458 666 3528 qui
681 3457 749 3509 clara
762 3461 877 3529 equestri
921 3451 1039 3502 eamdem
1053 3471 1107 3502 rem
1116 3471 1175 3502 curn
1184 3467 1271 3504 nostra
1280 3451 1357 3506 haud
1369 3473 1426 3509 cte·

373 3547 454 3606 gente
471 3546 570 3598 esseut,
589 3532 698 3585 itluetres
714 3533 876 3602 dicerentur,
921 3527 1030 3579 diderim
1045 3547 1105 3579 curn
1120 3531 1222 3581 Ernest.
1237 3529 1269 3582 ad
1284 3529 1338 3583 loc.
1354 3535 1400 3586 cit.

376 3624 567 3681 uterenturque
578 3609 630 3661 luto
642 3610 724 3663 clavo.
733 3612 809 3664 Conf.
820 3632 875 3684 quse
957 3607 1224 3679 4.Nonatnpliusse...
1232 3613 1425 3682 conjecturum.

375 3691 408 3743 de
427 3690 563 3765 Equitibus
585 3690 727 3744 illustribus
747 3711 792 3744 seu
817 3694 876 3746 lati·
920 3687 1428 3762 'facil-⁰³1³·l7r‘fluncrlnqffl‘s8nl·
1455 3725 1457 3730 ·

375 3769 465 3823 claoiis
474 3765 578 3840 Lipsius
590 3784 616 3821 et
630 3773 731 3823 Ernest.
746 3772 780 3825 ad
791 3775 874 3828 Tacit.
920 3783 1005 3828 mum,
1017 3763 1085 3817 ¹²³⁰ss
1096 3769 1217 3818 virtutem
1228 3783 1339 3822 vestram
1352 3773 1426 3826 ultra

375 3847 470 3899 Annal.
484 3848 563 3914 11,4‚
579 3862 604 3899 et
617 3849 719 3900 Ruben.
731 3850 764 3902 de
776 3855 812 3903 Re
823 3855 875 3903 Ve-
919 3843 1043 3915 periculis
1066 3845 1194 3916 objicere,
1217 3851 1295 3900 nimis
1318 3855 1427 3921 grande

375 3929 446 3978 stiar.
466 3928 477 3977 l
488 3964 496 3991 ,
516 3927 531 3977 8
553 3941 578 3979 et
601 3925 639 3993 ¹4·
663 3925 728 3979 Vide
744 3931 822 3980 etium
841 3929 874 3980 ad
919 3925 977 3973 vita.
990 3943 1052 3975 merc
1067 3927 1180 3995 pretium
1193 3942 1285 3996 puto·
1306 3931 1349 3982 cf.
1366 3937 1426 4003 ejus

373 4007 484 4074 August.
498 4022 557 4073 cap.
571 4003 614 4056 38,
919 4004 1066 4054 orationem
1083 4005 1154 4076 apud
1172 4006 1304 4060 Plutarch.
1325 4025 1354 4063 et
1374 4015 1426 4066 Xi.

412 4101 435 4134 2.
454 4084 510 4136 Nec
519 4101 730 4136 concursurum...
735 4084 833 4155 fuisse,
845 4083 872 4136 lt.
917 4079 1011 4151 philiu.

374 4181 397 4213 e.
413 4176 544 4214 certamen
563 4161 596 4214 de
610 4165 721 4234 imperio
735 4177 874 4234 susceptu·
950 4161 979 4216 5,
992 4165 1235 4239 Fratrisquefilium.
1248 4173 1427 4230 Huncsolum
