3048 5142
362 547 429 629 24³
737 541 774 606 o.
799 543 1033 610 suurouu

362 697 428 768 que
441 673 542 740 etiam
556 693 659 737 manu
672 666 805 762 pulsata
820 670 864 736 sit
880 693 902 734 a
916 687 1022 736 matre
1038 667 1185 762 Lepidos.
1201 670 1398 741 Observarit

360 797 440 850 ante
453 805 568 851 omues
582 781 710 849 Liviam
720 784 924 871 Augustam:
942 777 1039 872 cujus
1055 795 1089 847 et
1102 782 1186 848 vivae
1202 784 1306 873 gratia
1320 782 1395 875 plu·

360 897 484 961 rimum
498 892 617 974 valuit,
643 909 676 960 et
690 907 832 959 mortuae
853 906 1051 959 testamento
1066 915 1163 984 paene
1181 891 1303 962 ditatus
1324 910 1393 962 est:

361 1005 550 1072 sestertium
565 1026 711 1096 namque
730 1003 941 1096 quingenties
960 1025 1068 1094 quum
1085 1003 1294 1095 praecipuum
1311 1006 1396 1071 iuter

359 1113 535 1206 legatarios
560 1111 747 1195 habuisset,
772 1114 850 1204 quia
875 1125 1003 1193 notata,
1027 1134 1097 1177 non
1119 1115 1303 1205 perscripta
1327 1127 1399 1181 erat

361 1250 504 1309 summa,
516 1222 639 1291 herede
651 1223 786 1291 Tiberio
799 1221 947 1313 legatum
957 1221 1001 1288 ad
1014 1225 1197 1317 quingenta
1208 1241 1396 1306 revocante,

360 1361 404 1405 ne
416 1336 488 1404 haec
500 1334 636 1429 quidem
647 1329 806 1426 accepit⁶.

408 1450 465 1514 Vl.
491 1445 682 1514 Honoribus
698 1460 775 1512 ante
790 1443 976 1534 legitimum
991 1459 1123 1536 tempus
1141 1446 1246 1528 initis,
1272 1449 1398 1514 Praetor

361 1559 610 1624 commissione¹
624 1555 782 1624 ludorum
796 1553 998 1638 Floralium,
1011 1579 1136 1623 novum
1149 1554 1330 1649 spectaculi
1343 1579 1398 1649 ge-

360 1689 446 1749 nus,
471 1664 666 1758 elephantos
688 1662 948 1745 funambulos²‚
970 1661 1093 1747 edidit3
1120 1669 1197 1733 exin
1219 1669 1398 1760 provinciae

291 1841 297 1862 ,
360 1761 545 1872 Aquitaniae
558 1801 648 1844 anno
665 1777 735 1844 fere
749 1772 920 1870 praefuit³:
939 1799 1018 1842 mox
1033 1777 1245 1846 consulatum
1260 1803 1322 1873 per
1340 1801 1398 1846 sex

362 1913 494 1958 meuses
513 1889 718 1988 ordiparium
733 1885 872 1980 gessitl:
889 1890 1080 1982 evenitque,
1096 1894 1180 1958 utin
1196 1915 1235 1960 eo
1251 1895 1322 1986 ipse
1335 1895 1395 1960 Gn.

397 2097 423 2150 6.
441 2099 590 2150 Sestertium
606 2117 746 2171 nomque...
762 2117 795 2151 ne
806 2097 860 2149 ltoec
904 2101 1067 2152 nuncetiam
1082 2101 1109 2152 in
1122 2103 1301 2157 instrumentis
1315 2121 1399 2174 pecu·

360 2177 464 2248 quidem
478 2178 583 2249 accepit.
603 2179 687 2228 Wolf.
701 2177 777 2249 plura
791 2179 818 2228 iu
831 2176 858 2228 b.
903 2181 992 2233 niariis
1007 2184 1104 2250 justam
1121 2184 1272 2236 cautionem
1290 2182 1400 2236 adbibe-

359 2253 380 2304 l.
388 2254 764 2325 mendosajudicat,etbonos
774 2255 858 2308 codd.
903 2277 976 2326 mus,
985 2259 1020 2311 ob
1029 2262 1181 2334 corruptele
1190 2262 1231 2314 rel
1242 2261 1402 2316 falsaeiuter·

360 2352 445 2404 prope
462 2333 607 2388 evidentem
627 2336 715 2387 faeere
735 2334 859 2388 emenda·
903 2341 1403 2413 pretationispericulum.Deniquemi·

361 2414 479 2480 tionem,
501 2432 580 2484 quam
599 2416 626 2466 in
642 2428 715 2467 textu
730 2419 858 2487 posuerit.
903 2417 1033 2470 nuendum
1040 2419 1156 2491 plerique
1163 2420 1402 2485 duxmesummsm,

360 2489 412 2545 Sed
423 2493 561 2545 immemor
572 2493 680 2561 notulae,
690 2495 795 2566 reliquit
805 2508 858 2551 tex-
904 2511 930 2549 et
940 2499 1107 2552 scribendum
1118 2499 1289 2572 quinquagies
1303 2513 1329 2550 et
1341 2515 1402 2550 mox

361 2582 431 2636 tum,
453 2573 557 2643 qualem
575 2576 723 2644 superiores
745 2572 857 2626 editores
904 2581 1111 2654 qulnquaginta,
1122 2578 1259 2649 quodnon
1272 2577 1403 2630 absonum

361 2665 387 2704 et
404 2671 453 2703 nos
468 2652 638 2704 reddidimus.
656 2653 727 2705 Num
740 2653 810 2705 forte
826 2649 859 2704 ad
904 2658 1018 2719 videtur,
1028 2657 1341 2729 quamquameavendum
1350 2668 1403 2722 est,

359 2732 467 2782 Memm.
478 2731 540 2781 libri
550 2730 778 2804 fidemseripturus
790 2743 858 2796 erat,
903 2755 938 2789 ne
946 2741 1078 2791 Romanas
1086 2737 1188 2789 divitias
1199 2755 1231 2788 ex
1239 2747 1328 2788 nostre
1338 2753 1404 2808 pau·

363 2833 373 2857 υ
388 2813 538 2865 Sestertium
555 2833 669 2885 numque
692 2814 856 2884 quingenties
904 2830 1006 2888 peitate
1020 2819 1185 2870 estimemus.

359 2895 521 2963 praecipuum
532 2895 600 2944 inter
608 2891 749 2964 legatarios
759 2891 856 2942 babuit.
938 2897 983 2946 Vl.
1002 2914 1023 2947 r.
1042 2897 1141 2949 Pretor
1150 2895 1339 2960 commissione,
1354 2906 1403 2947 etc.
1435 2935 1437 2940 Α

358 2971 411 3023 Sed
422 2974 499 3042 quia,
512 2973 598 3024 stein
612 2971 663 3024 Sed
674 2973 794 3043 vulgatus
803 2985 858 3022 tex·
905 2991 937 3024 ex
949 2975 1069 3026 instituto
1084 2974 1208 3045 Augusti,
1224 2986 1253 3024 ut
1268 2987 1339 3024 reete
1353 2989 1406 3023 no·

299 3109 303 3120 ,
358 3065 401 3102 tus
413 3051 448 3102 ob
458 3055 542 3122 ipsam
553 3051 706 3104 brevitatem
718 3052 858 3104 Suetonia·
906 3068 945 3106 tat
961 3057 1078 3120 Ernest,
1094 3054 1126 3107 de
1145 3052 1361 3125 quoDio‚LlV‚
1380 3068 1403 3102 2.

358 3149 410 3183 nus
424 3131 488 3184 mibi
499 3131 615 3207 ridetur,
630 3146 657 3184 et
671 3132 759 3184 omnia
774 3131 858 3196 clara,
906 3133 1021 3187 Florales
1032 3133 1105 3186 ludos
1115 3154 1129 3186 a
1141 3135 1169 3186 L.
1181 3135 1275 3202 Sejano
1289 3135 1405 3184 Pretore

357 3209 440 3261 modo
455 3211 623 3282 participium
638 3221 772 3264 revocante
782 3209 860 3261 intel·
906 3213 991 3268 editos
1001 3228 1092 3267 narrat
1102 3217 1268 3280 Dio‚LVlll,
1279 3213 1405 3284 19.Plura

357 3289 451 3342 leteris
459 3311 597 3363 proquum
605 3304 747 3346 revocasset.
761 3291 859 3362 Soepius
906 3293 939 3346 de
952 3293 993 3346 his
1004 3293 1088 3360 ludis,
1101 3296 1135 3346 lV
1147 3291 1206 3345 Kal.
1217 3293 1279 3344 Mai.
1293 3306 1406 3364 quotan-

360 3373 430 3421 enim
444 3370 555 3438 Noster,
573 3371 690 3424 Graeearn
703 3371 858 3424 brevitatem
906 3375 947 3425 nis
957 3372 1082 3425 celebrari
1093 3370 1189 3436 solitis,
1203 3369 1262 3422 vide
1273 3369 1347 3442 apud
1356 3369 1406 3421 Ro-

360 3449 502 3512 emulans,
522 3469 600 3520 quam
614 3451 724 3522 impedit
745 3455 772 3503 in
788 3453 858 3503 Lati-
904 3454 954 3506 sin.
969 3453 1032 3504 Ant.
1044 3453 1118 3503 Rom.
1133 3451 1169 3516 V,
1188 3449 1228 3502 15.

359 3530 400 3579 nis
409 3529 606 3598 participiorum
617 3533 741 3601 penuria,
751 3549 860 3602 praesen·
942 3548 966 3582 a.
982 3527 1407 3601 Elephantosfimamlulos;quos

358 3609 538 3678 tispartieipio
545 3608 628 3658 utitur
635 3609 822 3679 propert‘eeto,
831 3621 860 3659 ut
902 3612 958 3679 jam
970 3610 1116 3661 invenimus
1129 3609 1230 3658 Neron.
1245 3625 1305 3677 cap.
1324 3621 1365 3657 tt.

359 3684 422 3735 Cres.
437 3685 470 3736 65
482 3684 624 3737 admoneus
636 3705 683 3756 pro
698 3683 821 3746 astitisse,
835 3698 861 3736 et
942 3689 967 3741 3.
981 3686 1238 3758 Exin...Aquitom'oe
1283 3684 1406 3757 proeftu't3

360 3763 433 3816 alibi.
447 3767 476 3814 ln
491 3763 597 3836 reliquis
611 3779 675 3816 nota
685 3767 860 3836 precipuum,
905 3787 966 3820 ann.
979 3767 1044 3837 784,
1055 3766 1161 3817 Tiberio
1173 3766 1197 3814 V
1208 3779 1234 3816 et
1244 3765 1273 3816 L.
1284 3763 1352 3815 AElio
1365 3765 1408 3816 Se·

359 3841 415 3894 scil.
429 3843 556 3916 legatum,
578 3861 629 3912 prae
641 3843 747 3913 reliquis
762 3843 861 3917 leputa-
903 3849 967 3916 juno
979 3847 1068 3909 Coss,
1082 3858 1111 3896 ut
1124 3847 1213 3897 statuit
1225 3843 1297 3914 Pigb.
1309 3843 1406 3896 Annal.

360 3927 417 3986 riis,
433 3926 458 3974 in
471 3942 524 3993 quo
536 3923 600 3975 latet
612 3923 677 3975 illud
688 3922 858 3976 vocabulum.
906 3939 970 3976 torn.
982 3925 1031 3990 lll,
1046 3943 1106 3996 pag.
1120 3923 1181 3992 559.
1403 3985 1407 3994 Ι

359 4001 460 4052 Deinde
471 4011 559 4054 notata
570 4019 670 4052 summu
679 4015 717 4053 est
725 4003 800 4070 signo
811 4019 859 4052 nu·
941 4005 965 4069 4.
979 4005 1044 4053 Mox
1054 4001 1407 4071 consulatum...qesslt;eum

359 4080 456 4130 rneriD
471 4078 630 4148 significata,
645 4098 699 4130 non
711 4078 792 4130 literis
803 4099 860 4150 per-
905 4083 933 4133 L.
948 4082 1072 4132 Cornelio
1084 4079 1169 4145 Sulla,
1182 4099 1242 4130 ann.
1256 4079 1318 4148 786.
1335 4079 1409 4130 Ordi-

358 4159 451 4226 scripta
461 4157 629 4229 (indiqudeeu
637 4156 759 4227 chifflet,
771 4170 795 4210 et
806 4177 859 4209 nou
904 4161 975 4212 narii
986 4159 1116 4213 Consules
1128 4173 1215 4226 erant,
1229 4159 1274 4230 qui
1283 4157 1344 4210 Kal.
1359 4155 1407 4208 Ja-

360 4237 476 4308 spe'eifie'e
484 4257 516 4291 eu
526 4249 606 4292 toules
616 4236 723 4309 lettres),
733 4239 821 4310 inqua
831 4259 859 4291 re
905 4257 981 4292 uuor.
991 4239 1172 4310 magistratum
1180 4238 1351 4308 auspicantes
1358 4251 1407 4288 no·
