3076 5146
476 484 725 551 EXCURSUS
750 487 788 548 V.

369 829 393 880 ‚
421 747 739 848 nxcuusus
776 751 818 847 v

304 1008 373 1078 AD
396 1008 734 1095 CALIGULAM,
761 994 844 1080 Cat.
876 1035 931 1080 20.

89 1465 219 1556 Aeriam
231 1497 312 1552 ludos.
328 1500 358 1550 ln
368 1497 472 1569 judicio
487 1496 567 1569 bajus
580 1495 632 1551 loci
646 1495 765 1572 inprimit
778 1496 923 1558 tenendum
935 1519 992 1556 esse
1006 1499 1059 1558 boc
1073 1507 1142 1560 arbi·

89 1596 159 1634 rme:
175 1578 300 1642 «Ludos,
313 1596 424 1651 peregre
436 1597 451 1630 a
463 1575 582 1648 Caligula
596 1577 698 1645 editos,
713 1579 794 1631 fuisse
808 1582 979 1652 peregrinos,
992 1584 1020 1636 in
1032 1587 1088 1638 istis
1100 1586 1142 1639 lo·

89 1665 146 1727 cis,
158 1661 205 1712 ubi
217 1659 281 1712 editi
291 1661 357 1723 tint,
370 1659 513 1710 utitatot.·
527 1657 630 1710 Indicio
643 1672 704 1711 aunt
716 1658 773 1710 ludi
784 1657 906 1729 Lugduni
918 1660 990 1714 editi.
1005 1663 1073 1735 Ergo
1085 1665 1142 1719 ludi

88 1739 226 1814 Syracusis
238 1736 302 1790 editi
311 1738 387 1789 fuere
399 1736 455 1789 ludi
466 1737 563 1798 Graeci,
577 1739 645 1789 inter
657 1738 776 1802 Siculos,
797 1740 919 1811 inprimis
932 1741 1083 1813 Syracusis,
1099 1763 1141 1798 so·

87 1821 184 1874 lennes
203 1835 229 1872 et
245 1818 342 1870 usitati.
360 1817 422 1886 Quo
440 1819 584 1870 constituto
601 1816 775 1889 repudiantur
790 1821 877 1888 primo
895 1818 986 1873 liuttici
1002 1835 1029 1874 et
1042 1823 1141 1892 Attici,

88 1919 148 1974 quas
167 1912 208 1952 est
222 1895 366 1948 multorum
383 1896 462 1947 codd.
478 1909 504 1948 et
518 1895 579 1948 edd.
597 1893 693 1960 lectio,
707 1899 851 1970 prasertim
869 1918 948 1970 quum
963 1918 997 1952 ne
1016 1903 1142 1974 explicari

88 1976 216 2051 quidem,
229 1975 321 2048 quales
333 1975 448 2040 fuerint,
462 1976 559 2045 possit;
571 1973 667 2027 deinde
679 1975 794 2041 Actiaci,
810 1978 856 2047 qui
868 1976 1010 2048 placebant
1021 1981 1141 2034 Torren·
1242 2033 1245 2040 Δ

87 2061 142 2125 tio,
155 2058 299 2129 praesertim
312 2073 395 2126 quum
406 2067 536 2124 repugnet
550 2057 629 2107 etiam
638 2054 682 2108 bie
693 2054 768 2108 locus
780 2056 839 2124 alii,
850 2073 910 2128 cap.
925 2057 966 2109 23.
977 2061 1041 2112 Noti
1052 2074 1141 2114 autem

87 2151 184 2190 contra
201 2147 264 2188 sunt
281 2136 350 2186 inter
361 2133 466 2186 Graecos
483 2131 539 2184 ludi
551 2135 624 2186 attici
638 2147 664 2186 et
678 2131 810 2202 iselastiei,
826 2135 866 2186 vel
882 2131 1008 2189 selastict':
1028 2156 1140 2210 quarum

86 2218 237 2271 lectionum
252 2212 335 2267 altera
349 2225 388 2265 est
402 2211 481 2265 codd.
496 2211 703 2265 nonnullorum:
718 2213 800 2267 altera
815 2215 891 2267 facile
905 2218 1039 2288 corrumpi
1053 2221 1141 2290 potuit

85 2300 113 2350 in
130 2297 208 2349 attici
221 2294 262 2346 vel
280 2293 386 2358 latitet,
403 2305 511 2363 propter
527 2293 739 2345 terminationem
752 2295 826 2345 vocis
840 2293 1039 2362 antecedentis,
1054 2300 1140 2370 prima

86 2378 192 2454 syllaba
202 2374 349 2429 excidente.
360 2374 386 2426 Sl
395 2375 486 2426 atticos
497 2372 656 2445 probemus,
669 2393 729 2426 oum
742 2393 838 2446 magno
851 2375 983 2446 scaligero
996 2390 1024 2430 et
1032 2383 1141 2451 sequaci

86 2457 267 2520 casaubono,
282 2466 360 2506 erunt
372 2451 429 2505 ludi
442 2454 540 2518 Grani,
557 2455 637 2504 moris
651 2452 835 2520 Atheniensis,
851 2473 882 2508 ea
896 2472 928 2506 eo
942 2474 1052 2527 genere,
1067 2457 1140 2529 quod

85 2540 112 2590 in
123 2536 201 2590 Urbe
213 2533 350 2605 agebatur,
365 2530 439 2604 quod
450 2531 550 2584 dictum
563 2543 602 2584 est
613 2531 728 2599 dearsit,
740 2534 808 2601 aive,
821 2547 851 2585 ut
861 2533 1013 2605 Stephanus
1025 2537 1139 2606 mavult,

86 2617 188 2674 insat,
206 2614 295 2688 (unde
313 2613 430 2666 concidit
448 2625 631 2686 argumentum
650 2616 743 2668 Graevii
759 2627 853 2668 contra
870 2614 1045 2686 scaligerum,
1065 2619 1139 2690 quod

85 2703 220 2772 scriptum
234 2699 268 2748 tit
283 2697 389 2760 asticos,
401 2713 456 2747 non
469 2695 601 2764 astycos),
614 2706 644 2746 ut
660 2695 883 2768 distinguerentur
891 2695 925 2748 ab
941 2698 989 2764 iis,
1003 2700 1049 2770 qui
1066 2714 1139 2752 extra

84 2780 189 2836 Urbem
205 2775 408 2829 celebrarentur.
424 2776 466 2829 Sic
484 2774 589 2828 Baccho
606 2775 777 2828 celebrabant
795 2775 873 2830 ludot
889 2779 917 2828 in
931 2775 1004 2830 Urbe
1020 2791 1047 2829 et
1065 2792 1138 2832 extra

83 2859 204 2912 Urbem:
220 2853 375 2918 illitterati,
389 2853 417 2905 lti
429 2851 469 2904 ieri
480 2853 570 2920 attala
583 2851 647 2912 dicti
660 2874 666 2905 ε
680 2852 739 2906 ride
751 2854 940 2907 Casaubonttm
951 2854 985 2906 ad
1000 2855 1095 2910 Athen.
1108 2877 1136 2929 p.

84 2941 149 2995 388.
164 2940 266 2990 Verum
277 2937 304 2986 in
317 2933 368 2986 hac
383 2933 497 2986 lectione
511 2931 574 2984 mihi
587 2947 666 2986 restat
679 2933 730 2986 hoc
741 2934 867 3002 dubium,
883 2934 956 3005 quod
966 2937 1002 2986 ita
1015 2951 1061 2988 aut
1074 2938 1136 2990 nul·

82 3021 142 3074 lum
154 3031 259 3072 eertum
272 3034 356 3086 genus
370 3012 425 3066 lndi
437 3013 569 3066 indicatur
582 3033 597 3066 a
612 3014 755 3080 Suetonio,
770 3014 843 3084 quod
861 3027 948 3066 tamen
963 3029 989 3067 et
1006 3015 1136 3086 voluisse,
1237 3055 1239 3062 ι

83 3115 110 3154 et
122 3099 254 3152 debuisse
265 3097 355 3147 facere
366 3091 485 3146 videtur:
498 3106 559 3144 sunt
570 3093 657 3157 enim,
669 3092 719 3144 late
731 3105 819 3144 sumto
829 3091 926 3158 verbo,
938 3095 1026 3144 omnia
1036 3113 1136 3164 genera

82 3175 199 3242 amai,
218 3195 275 3247 quae
293 3177 321 3226 in
332 3173 405 3226 Urbe
419 3185 546 3243 aguntur:
564 3185 611 3224 aut
626 3171 682 3226 sola
699 3173 824 3243 Dionysia
837 3170 882 3223 illa
899 3169 1000 3223 urbana
1015 3174 1052 3224 sic
1064 3172 1136 3230 dicta

81 3255 262 3330 intelligenda
274 3268 344 3307 sunt.
357 3255 395 3304 Ea
405 3271 438 3304 an
451 3249 494 3302 hic
505 3251 594 3303 locum
604 3249 735 3318 habeant,
747 3248 820 3321 quod
830 3249 933 3302 videtur
943 3249 1010 3301 telle
1021 3251 1136 3324 Scaliger

82 3357 109 3395 er
128 3344 190 3412 ejus
212 3354 357 3408 sequaces,
377 3333 538 3404 omninoque
557 3344 596 3382 est
614 3329 798 3402 probandum,
820 3329 918 3382 adscita
940 3329 985 3381 illa
1002 3331 1135 3403 lectione,

82 3436 231 3494 pommus
241 3414 348 3478 videre,
359 3409 525 3481 indagando,
538 3429 591 3481 quo
603 3410 666 3461 anni
678 3425 797 3480 tempore
809 3409 902 3473 Caius,
917 3407 1051 3481 Syracusis
1061 3431 1136 3465 coni-

81 3515 227 3562 moratua,
247 3493 325 3546 ludos
338 3492 399 3544 illos
418 3488 539 3542 ediderit.
554 3489 638 3540 Docet
652 3502 741 3541 autem
759 3488 902 3540 Suetonius
914 3490 988 3561 ipse,
1005 3509 1065 3562 cap.
1083 3492 1135 3560 aq,

82 3583 180 3634 mum
191 3597 208 3629 e
217 3586 303 3626 morte
316 3569 453 3636 Drusilla,
465 3572 579 3634 sororis,
590 3569 753 3638 impatientia
765 3566 881 3633 doloris,
894 3566 966 3620 Urbe
977 3571 1135 3640 prologum,

80 3663 230 3720 Svracusas
244 3654 368 3727 petiisse,
382 3667 468 3720 neque
483 3648 528 3701 diu
542 3648 579 3700 ibi
593 3660 726 3699 moretum
740 3663 805 3698 esse.
821 3649 857 3699 Ea
873 3664 944 3698 mors
957 3649 1041 3700 evenit
1054 3651 1086 3702 A.
1101 3651 1134 3701 U.

80 3721 225 3802 D‘CCXQ
244 3747 320 3807 parte
335 3732 398 3784 anni
411 3729 519 3795 ultima,
536 3739 594 3779 ute
609 3728 761 3780 narratione
776 3739 896 3777 actorum
910 3729 968 3796 ejus
986 3729 1048 3778 anni
1063 3728 1136 3800 apud

79 3823 200 3874 Dionem
218 3813 338 3883 colligas.
352 3811 433 3882 Atqui
448 3808 575 3879 Dionysia
592 3808 708 3877 majora,
725 3825 782 3878 quae
797 3806 878 3857 astice
894 3803 1053 3870 dictasunt,
1068 3809 1135 3859 veris

79 3903 161 3952 initio
175 3892 310 3949 celebrata
324 3894 405 3945 luisse
417 3901 530 3941 constat.
541 3889 639 3940 Contra
655 3885 711 3938 ludi
723 3885 844 3938 iselastict'
856 3899 968 3956 potuere
979 3883 1096 3938 incidere
1107 3888 1136 3940 in
1201 3940 1210 3954 ,

80 3993 276 4052 quamcunque
288 3975 352 4026 anni
363 3981 562 4041 tempestatem:
575 3979 614 4032 et,
630 3985 712 4038 quum
723 3985 787 4018 casu
802 3978 858 4016 tum
871 3963 1022 4016 celebrandi
1034 3980 1134 4032 essent,

79 4058 240 4114 advenienti
256 4053 414 4125 lmperatori
431 4049 538 4101 bonoria
555 4063 649 4098 causta
665 4045 777 4111 deferri,
795 4059 823 4098 ut
835 4045 867 4095 iis
882 4058 1011 4114 praestet.
1031 4044 1060 4096 ld
1079 4046 1135 4098 fieri

79 4140 210 4201 mistum,
224 4147 253 4186 nr
265 4130 433 4205 principibus
444 4129 495 4180 boe
509 4125 665 4189 deferretur,
678 4123 775 4178 docent
785 4122 904 4193 exempla
917 4121 990 4192 apud
1001 4125 1135 4176 Petarium

79 4221 113 4272 ad
126 4219 231 4272 Julian.
244 4210 293 4284 Ep.
307 4213 412 4278 XXXV,
423 4229 437 4261 e
450 4207 546 4281 quibus
556 4206 622 4260 locis
634 4208 711 4258 etiam
722 4205 756 4257 de
769 4219 887 4273 ternpore
901 4201 1025 4254 ludorum
1036 4223 1135 4274 cogno·

180 4309 227 4373 11,
949 4293 986 4356 31
