3054 5152
476 507 727 593 obsumus.
1062 521 1122 596 nt

108 658 223 725 Maximi
237 652 420 735 Fertilitas,
433 655 636 720 commonito
650 657 713 745 pro
730 655 857 720 Rostris
870 647 1013 746 populo,
1029 655 1126 750 praci-

106 785 161 848 τοι,
172 783 401 859 summotaque
411 766 644 857 operariorum
658 787 899 861 servorumque
910 767 1019 834 turba.

143 883 252 947 xxtu.
277 877 404 943 Rerum
415 891 545 956 actum,
557 873 700 943 divisum
713 881 811 944 antea
823 880 857 944 iu
872 877 1029 948 hibernos
1044 882 1130 952 aesti-

107 1013 215 1084 rosque
226 1009 376 1069 menses,
390 985 594 1080 conjunxit'.
611 991 629 1053 J
632 984 882 1054 urisdictionem
896 987 939 1055 de
950 987 1027 1055 fidei
1041 991 1131 1057 com-

109 1101 214 1180 missis,
230 1101 410 1193 quotannis
425 1113 458 1163 et
469 1104 601 1163 tantum
615 1097 650 1161 in
663 1093 755 1163 Urbe
770 1089 917 1190 delegari
933 1102 1133 1190 magistrati-

30 1237 31 1242 *
106 1210 158 1277 bus
173 1209 323 1288 solitam,
341 1212 378 1276 in
397 1224 600 1301 perpetuum
621 1222 722 1302 atque
740 1210 839 1276 etiam
861 1233 923 1301 per
944 1213 1132 1303 provincias

30 1361 31 1414 q
107 1320 311 1411 potestatibus
327 1316 569 1386 demandavit2.
589 1319 696 1410 Capiti
710 1322 820 1411 Papiae
833 1320 984 1413 Poppaeae
997 1321 1097 1414 legia,
1114 1347 1135 1390 a

30 1459 31 1472 ¹
105 1431 222 1498 Tiberio
232 1435 383 1512 Caesare,
396 1433 493 1525 quasi
504 1431 710 1524 sexagenarii
724 1452 885 1521 generare
897 1456 965 1499 non
980 1451 1134 1526 possent,

30 1539 31 1554 ³
106 1539 216 1623 addito,
234 1537 440 1634 obrogavitt
457 1543 587 1636 Sanxit,
604 1557 643 1608 ut
659 1539 795 1635 pupillis
809 1557 904 1608 extra
919 1541 1070 1610 ordinem
1086 1562 1137 1612 tu-

30 1709 32 1754 ,
107 1665 181 1719 tores
200 1649 440 1730 aConsulibus
455 1649 649 1736 darenturl,
665 1667 770 1747 utque
786 1648 836 1736 hi,
858 1651 983 1746 quibus
999 1677 1020 1719 a
1037 1657 1139 1746 magi·

30 1879 31 1904 ῑ
105 1871 212 1924 credonis
225 1871 383 1935 sollemnia,
400 1882 426 1924 et
437 1889 485 1944 pro
497 1871 593 1924 domis
659 1871 1141 1944 2.Jarr'sdr'etioaem...potestatiburrlo

30 1961 32 2014 ζ
105 1951 170 2004 refert
188 1951 220 2004 ad
234 1951 360 2026 μιαίνει,
378 1970 432 2025 quo
450 1951 592 2004 verborum
636 1954 780 2006 mandavit.
789 1954 878 2020 Quum
886 1954 1141 2024 exinetitutomugu-

30 2033 32 2052 *
105 2028 182 2080 ordine
190 2045 287 2082 auctor
295 2032 451 2084 sententiam
461 2033 535 2102 justo
546 2029 594 2079 ob-
638 2034 671 2083 sti
677 2029 804 2083 Consules
811 2042 882 2082 extra
893 2031 1009 2082 ominem
1017 2031 1097 2084 modo
1108 2033 1141 2086 de

103 2106 229 2160 senriorem
258 2109 315 2180 ipse
341 2100 506 2160 reddidisset.
530 2107 594 2157 Bur'·
637 2108 854 2161 fideicommissis
864 2112 1141 2180 cognovissent,nune

30 2227 31 2240 t
106 2204 180 2239 nean.
193 2190 312 2258 trajectu
329 2186 417 2240 verbis
433 2184 520 2257 legere
538 2203 596 2237 ma·
639 2188 777 2240 aClaudio
790 2187 843 2239 duo
856 2189 982 2240 Praetores
994 2188 1054 2242 lecti
1066 2207 1142 2259 sunt,

104 2263 161 2326 rult,
171 2267 330 2318 commonito
336 2263 436 2336 populo
441 2282 493 2338 pro
502 2265 597 2316 Ilortn's
640 2268 736 2339 quibus
749 2267 884 2320 ordinaria
895 2267 928 2318 de
937 2270 970 2320 iis
982 2286 1050 2322 esset
1061 2274 1141 2341 juris·

103 2343 206 2411 ptoet'ret,
221 2343 364 2416 quodmon
377 2343 462 2412 magis
475 2359 596 2394 necessa·
640 2346 723 2400 dictio
733 2345 807 2417 (vide
816 2349 879 2398 Pom
883 2365 948 2420 pon.¹
957 2347 990 2400 de
1000 2350 1072 2420 Oriq.
1082 2351 1097 2400 J
1101 2371 1141 2404 ur.

106 2421 169 2473 rium
182 2423 325 2494 Progressa
341 2422 549 2474 commonitione
563 2419 597 2472 de
640 2425 687 2478 lib.
702 2426 755 2497 Il),
770 2439 850 2498 atque
865 2424 926 2478 data
941 2428 1018 2480 etiem
1033 2431 1142 2498 previa

104 2518 172 2553 cause
193 2501 382 2554 sollemnitatis
407 2514 433 2553 et
454 2499 597 2552 avertenda
641 2506 741 2556 ciarum
754 2503 1051 2576 praesidibusperpetua
1065 2507 1141 2560 ‹lciis

105 2579 206 2631 Deorum
227 2583 269 2632 ira
291 2581 411 2632 Pontifex
428 2597 478 2652 pro
496 2581 596 2632 Rostris
641 2583 820 2654 cognoscendi
828 2597 954 2656 potestas.
964 2585 1142 2642 Confllaebii

104 2657 183 2710 sivein
194 2661 329 2712 concione
341 2658 531 2711 obsecrationis
544 2659 598 2710 for·
642 2665 740 2717 Hister.
759 2665 873 2736 Jurispr.
893 2665 969 2716 Rom.
991 2681 1052 2736 pag.
1072 2667 1141 2736 376,

30 2793 31 2796 Ἴ
105 2737 189 2788 mulam
206 2737 331 2811 praeibat.
353 2739 448 2790 Postea
468 2736 598 2808 operario·
642 2741 684 2795 ed.
696 2742 867 2796 Smckmann.

106 2835 151 2867 mm
168 2836 216 2888 pro
237 2835 377 2892 operarum
397 2835 411 2868 e
429 2816 500 2868 MSS.
520 2817 596 2868 resti·
678 2822 702 2874 3.
719 2822 805 2894 capiri
816 2823 907 2893 Papiae
918 2823 1038 2896 Poppae
1050 2825 1142 2899 lepis...

103 2906 166 2947 tuere
176 2898 283 2948 Ernest.
300 2909 326 2947 et
338 2893 460 2949 Oudend.
641 2901 787 2974 οὸνοςαυὶις
796 2900 821 2951 b.
831 2921 856 2953 e.
863 2901 928 2952 illud
937 2917 1026 2973 eaput,
1035 2923 1089 2975 quo
1097 2923 1143 2956 nu·

30 3023 31 3026 ,
133 2976 221 3028 xxm.
241 2995 264 3028 t.
277 2978 372 3027 Rerum
384 2986 522 3027 actum...
535 2992 598 3028 con-
640 2979 702 3048 ptiar
715 2980 944 3047 sexagenariorum
958 2983 1042 3032 retitae
1052 2996 1142 3048 eraut,

99 3057 194 3124 joarin
213 3057 242 3108 lt.
260 3075 284 3108 e.
298 3057 427 3122 instituit,
441 3069 471 3108 ttt
487 3054 598 3108 adminI·
642 3069 735 3108 utnon
748 3055 904 3108 idoneorum
918 3060 1087 3128 procreando
1099 3079 1141 3112 so-

30 3157 31 3200 3
107 3139 185 3188 stratio
195 3136 363 3207 judiciorum
378 3154 426 3206 per
441 3147 556 3186 aestatem
571 3147 598 3186 et
641 3135 713 3201 boli,
730 3138 841 3187 mutavit
855 3136 944 3188 edicto
959 3137 1000 3190 vel
1016 3139 1141 3194 Senatus-

105 3227 250 3268 aummnum
265 3233 321 3266 uno
336 3227 428 3265 tenore
442 3213 599 3284 procederet
642 3213 764 3266 consulto
781 3215 831 3283 (cf.
844 3216 946 3266 Ernest.
964 3215 996 3266 ad
1011 3217 1073 3269 Tan.
1087 3223 1142 3270 An-

30 3337 31 3340 ,
104 3295 150 3344 sire
164 3297 376 3356 continuaretur,
390 3295 539 3364 interrupta
552 3311 597 3344 an·
642 3292 694 3345 nal.
710 3293 762 3355 XI,
778 3293 840 3362 13),
853 3292 961 3362 indique
976 3293 1076 3362 fereris,
1091 3296 1141 3350 sibi

30 3387 31 3392 ¹
105 3383 140 3421 tea
155 3374 224 3425 feriis
238 3374 325 3424 vernis
339 3385 366 3424 et
384 3370 597 3438 autumnalibus,
643 3373 720 3422 etlam
736 3370 793 3421 reni
810 3369 963 3421 facultatem
979 3371 1080 3423 virilem
1098 3393 1145 3425 ca-

30 3503 31 3508 ,
104 3448 217 3524 adeoque
226 3451 317 3504 relicta
328 3452 517 3502 tantumcertis
527 3469 603 3503 metr·
641 3452 695 3522 pite
707 3448 752 3500 illo
767 3461 897 3518 negatam.
916 3453 1002 3514 Patet,
1020 3465 1080 3502 onte
1092 3471 1142 3506 nu-

30 3569 31 3592 ,
106 3529 169 3583 sibus
183 3532 300 3584 hibernie
312 3544 339 3583 et
350 3532 451 3584 aestivis.
464 3532 523 3604 lpse
534 3549 597 3582 suus
641 3529 712 3598 ptiar
723 3543 784 3576 cum
800 3527 961 3596 Agrippina,
979 3548 1043 3598 qum
1059 3532 1142 3601 impe·

104 3610 224 3682 iuterpres
244 3613 354 3677 Noster,
376 3610 452 3662 Galb.
481 3611 529 3677 14,
550 3611 597 3662 ubi
641 3604 1143 3675 diebatlegisadditamentum,-ructari

108 3691 252 3758 'indiculus
274 3709 432 3744 contemtu
453 3711 468 3744 a
486 3691 596 3746 Claudio
642 3683 706 3734 Illud
717 3686 833 3753 jUSSlSSO·
847 3685 985 3751 Celerum,
1001 3687 1060 3738 title
1074 3690 1145 3740 I'et'l·

106 3765 273 3822 bneficium.
289 3770 370 3832 dicit,
385 3789 439 3822 «ne
451 3769 537 3822 hieme
550 3771 598 3820 ini.
643 3782 703 3814 zon.
720 3766 827 3816 Dissert.
845 3765 883 3830 ll,
902 3783 962 3834 pag.
985 3767 1033 3820 153
1047 3785 1102 3838 aeq.
1117 3781 1143 3820 ct

106 3847 189 3917 doque
198 3851 259 3900 anai
272 3847 307 3900 ad
317 3847 493 3918 judicandum
505 3866 598 3900 esoce·
643 3845 734 3896 bachii
747 3844 764 3895 l.
774 3863 799 3895 e.
812 3863 873 3914 pag.
887 3845 947 3897 352.

107 3940 198 3978 rentur.
209 3952 219 3975 ι
230 3931 316 3980 Antea
328 3929 402 3979 mixti
412 3941 487 3979 crant
496 3945 599 3979 meuses
680 3923 705 3990 4
715 3925 821 3988 Saaxr't,
834 3937 862 3975 at
872 3924 1009 3996 pupillis...
1023 3937 1144 3979 tutores...

108 4001 186 4056 labori
193 4007 312 4076 jndIciali
325 4021 352 4058 et
361 4006 433 4058 feriis
447 4006 513 4069 dati3
529 4025 597 4058 novo
644 4003 772 4054 durentur.
793 4005 828 4054 Ur
850 4000 957 4072 pupillIa
979 4016 1004 4052 et
1023 4003 1144 4068 fenuinis,

108 4081 202 4136 Claudii
218 4087 339 4137 immuto
358 4085 439 4136 altera
457 4103 518 4155 pars
536 4086 600 4136 anui
645 4081 740 4152 quibus
753 4100 801 4132 nec
812 4084 1040 4148 testamentarius,
1053 4101 1102 4132 neo
1113 4081 1145 4134 le·

30 4171 32 4200 t
104 4159 218 4228 judiciis,
229 4164 310 4215 altera
321 4164 393 4216 tertis
407 4165 461 4214 sine
470 4164 600 4216 intermis·
645 4161 750 4228 gitimus
766 4173 839 4210 tutor
853 4174 935 4225 osset,
952 4175 1025 4211 tutor
1039 4161 1146 4212 daretur

30 4229 31 4278 ἶ
107 4239 177 4290 sione
189 4240 319 4293 destinata
330 4255 378 4294 est.
646 4243 785 4292 al'raetorc
802 4253 827 4291 et
844 4244 944 4310 majore
958 4256 1032 4312 parte
1050 4241 1146 4292 'fribu-

949 4335 979 4396 8.
