3076 5146
383 560 448 646 ⁴92
791 551 1018 618 anuasrn

380 686 435 738 uici
452 682 639 747 Alexandrini,
658 699 712 754 quo
730 680 827 747 utitur,
843 693 872 732 ut
890 677 1033 730 Domitiani
1052 677 1179 728 suffectos
1199 677 1348 730 consulatus
1363 696 1410 730 non

381 777 534 817 numeratos
543 751 681 829 ostendat,
694 761 816 832 prolecto
827 758 892 810 nihil
905 756 993 809 efficit.
1005 757 1072 808 Nam
1083 757 1169 824 primo
1179 755 1303 808 Chronici
1315 758 1412 809 Alexan·

382 844 452 896 drini
462 843 534 898 nulla
544 857 583 897 est
595 844 753 895 auotoritas:
766 841 859 892 Dionis
868 852 956 890 autem
968 838 1051 907 ipsius
1061 834 1155 886 librum
1166 835 1199 888 de
1211 837 1357 888 Domitiano
1366 856 1412 890 noo

381 923 524 989 habemus,
537 921 585 976 sed
595 923 735 994 Epitornen
747 931 849 970 tantum
863 916 1005 988 Xipbilini,
1020 933 1114 986 parurn
1127 918 1244 966 accurati
1259 929 1285 966 et
1298 915 1413 984 diligentis

382 1004 577 1075 Epitomatoris.
588 1005 673 1069 Tum,
685 1003 707 1054 si
719 1000 759 1052 vel
772 999 884 1051 maxime
897 998 921 1049 ei
934 993 1032 1068 aliquid
1046 995 1200 1060 tribuerem,
1212 1008 1300 1047 tamen
1310 994 1368 1047 nibil
1378 995 1413 1048 hie

384 1101 481 1136 cansse
493 1085 565 1152 pagii
577 1081 730 1154 prodesset;
743 1077 817 1150 ¹quod
829 1092 884 1130 turn
894 1077 1001 1128 demum
1013 1077 1131 1127 futurum
1143 1087 1227 1139 esset,
1239 1076 1261 1126 si
1272 1094 1356 1127 omnes
1363 1093 1415 1126 corr·

381 1161 480 1214 tulatus
487 1162 611 1233 suffectos
618 1161 747 1213 omisisset.
756 1161 834 1210 Nunc
844 1154 995 1228 xiphilinus
1006 1167 1119 1226 quatuor
1129 1166 1231 1205 tantum
1242 1154 1350 1217 omittit,
1358 1154 1415 1206 duos

382 1251 520 1291 numerat:
540 1238 690 1290 Chronicon
711 1235 917 1288 Alexandrinum
937 1247 989 1284 tres
1009 1233 1120 1295 omittit,
1138 1244 1191 1282 tres
1209 1243 1338 1284 numerat.
1354 1231 1417 1298 Quid

382 1318 444 1370 inde
458 1318 589 1371 efficitur?
603 1319 665 1369 Non
677 1317 814 1388 profecto,
832 1313 971 1385 diligentes
985 1311 1125 1363 historicos
1135 1312 1291 1364 consulatus
1303 1313 1416 1364 suffectos

382 1385 527 1449 Domitiani
537 1417 591 1449 non
602 1413 767 1449 numerasse:
781 1393 841 1458 sed,
853 1412 945 1463 parum
956 1391 1093 1462 diligentes
1103 1391 1162 1442 illos
1173 1394 1317 1462 scriptores
1328 1391 1417 1462 aliquot

382 1477 538 1530 consulatus
548 1478 677 1529 suffectos
688 1474 755 1528 male
766 1471 1001 1526 omisisseteadem
1012 1469 1167 1540 responderi
1177 1485 1332 1542 argumento
1345 1473 1418 1541 pagii,

383 1573 397 1607 e
413 1575 495 1607 numo
509 1557 652 1607 Domitiani
667 1556 764 1626 petito,
779 1553 891 1620 debent,
905 1555 931 1604 iu
947 1570 1002 1623 quo
1017 1551 1169 1602 consulatus
1180 1552 1214 1601 Vl
1230 1570 1281 1622 pro
1293 1552 1337 1601 Vll
1351 1554 1419 1623 poni·

382 1649 435 1702 tur,
446 1636 567 1708 neglecto
575 1655 628 1688 uno
637 1637 764 1698 suffecto,
775 1653 830 1686 non
839 1633 974 1686 omnibus:
986 1634 1132 1703 meritoque
1139 1629 1291 1707 audiendus
1298 1634 1419 1698 Peresius,

383 1719 429 1787 qui
442 1716 500 1768 illas
512 1714 669 1789 epigraphes
683 1715 822 1768 mendosas
834 1727 927 1786 putat,
938 1715 1082 1783 praesertim
1095 1731 1175 1786 quum
1188 1713 1215 1763 iu
1228 1715 1329 1764 ceteris
1342 1715 1419 1765 omni·

382 1795 433 1848 bus
445 1798 531 1848 numis
542 1799 683 1848 Domitiani
696 1810 722 1848 et
733 1794 953 1866 inscriptionibus
966 1793 1119 1846 consulatus
1129 1793 1236 1845 suffecti
1250 1807 1420 1860 numerentur,

379 1888 413 1926 nt
422 1874 501 1927 docet
509 1877 642 1940 Norisius,
650 1873 766 1946 Epistola
778 1874 954 1944 consulari,p.
964 1871 1006 1926 52.
1017 1875 1124 1924 Manent
1136 1891 1197 1944 ergo
1207 1910 1215 1939 ,
1227 1871 1420 1944 intelligendum

383 1973 440 2007 esse
451 1953 620 2008 consulatum
635 1975 712 2020 eum,
728 1972 805 2026 quem
822 1951 884 2005 dixi.
898 1955 989 2024 Neque
1003 1955 1096 2004 mirum
1109 1966 1163 2018 est,
1176 1971 1207 2004 eo
1220 1971 1293 2004 anno
1306 1953 1420 2004 Domitiu-

382 2055 446 2087 num
460 2055 491 2088 ex
504 2055 584 2089 uxore
596 2038 712 2089 Domitia
725 2035 828 2106 prolem
841 2033 992 2086 sustulisse:
1007 2054 1088 2106 quum
1100 2051 1157 2086 eam
1170 2033 1256 2086 tribus
1268 2035 1343 2085 annis
1354 2047 1419 2097 ante,

383 2134 465 2186 quum
476 2119 572 2168 Praeror
581 2117 715 2191 copsulari
726 2127 856 2187 potestate
867 2127 950 2179 esset,
959 2113 1090 2179 duxisset,
1102 2126 1210 2165 auctore
1222 2113 1336 2178 Nostro,
1349 2131 1420 2184 supra

383 2211 405 2246 c.
424 2213 433 2246 1
444 2215 450 2256 ι
462 2195 495 2246 de
509 2213 595 2266 eoque
608 2195 677 2246 sdeo
687 2191 828 2245 dubitandi
841 2210 933 2244 caussa
944 2191 1039 2243 idonea
1051 2190 1122 2242 nulla
1132 2203 1179 2243 est.
1190 2193 1269 2254 Nam,
1280 2191 1351 2262 quod
1359 2192 1421 2242 Gre-

381 2275 440 2326 vius
452 2292 467 2324 e
477 2273 611 2338 Martiale,
624 2274 671 2340 lll,
683 2274 715 2334 6,
729 2272 824 2336 docet,
838 2284 899 2341 post
909 2272 961 2322 Titi
975 2286 1094 2335 mortem,
1106 2288 1188 2341 quum
1198 2270 1273 2322 solus
1282 2273 1421 2343 imperaret,

382 2355 407 2406 ei
416 2353 498 2406 filiurn
509 2369 598 2406 uatum
609 2372 683 2420 esse,
695 2356 739 2423 qui
751 2372 811 2418 upox
823 2365 943 2404 mortuus
956 2364 982 2404 et
991 2365 1162 2404 consecratus
1174 2363 1228 2414 est;
1242 2351 1270 2402 id
1282 2355 1421 2404 etsiverum

383 2447 439 2500 est,
449 2447 537 2488 tamen
550 2455 604 2487 non
614 2434 742 2504 impedit,
758 2452 812 2504 quo
827 2435 912 2486 minus
923 2445 949 2484 et
961 2445 1040 2504 aute,
1051 2433 1110 2482 vivo
1120 2445 1213 2502 patre,
1225 2433 1358 2484 sustulerit
1371 2451 1422 2502 pro·

383 2511 443 2565 lern.
457 2515 484 2567 Si
494 2514 714 2569 consuetudinem
729 2534 801 2579 eanr,
815 2533 866 2584 qua
881 2514 907 2564 in
920 2513 1035 2576 (lesere,
1044 2511 1182 2582 Augusto,
1196 2511 1309 2583 aliisque
1320 2531 1378 2566 usus
1388 2526 1423 2566 est

382 2593 538 2659 Suetonius,
555 2597 581 2645 in
598 2595 750 2646 Domitiano
763 2604 961 2654 conservasset;
978 2603 1004 2642 et
1020 2589 1053 2642 de
1068 2592 1123 2660 ejus
1138 2593 1308 2642 matrimonio
1320 2605 1345 2643 ct
1356 2592 1422 2663 prole

384 2673 544 2742 separatim,
558 2684 583 2723 et
599 2675 711 2744 proprio
728 2672 819 2744 aliquo
834 2671 910 2735 loco,
924 2670 1046 2735 dixisset,
1066 2683 1111 2721 aut
1126 2672 1220 2724 Dionis
1236 2672 1320 2723 Cassii
1336 2671 1421 2723 librum

383 2751 416 2803 de
432 2754 584 2804 Domitiano
601 2752 774 2819 haberemus,
790 2751 887 2805 clarior
901 2769 941 2804 res
954 2751 1030 2804 foret.
1044 2751 1124 2804 Nune
1137 2751 1222 2804 verbis
1237 2750 1280 2803 his
1292 2753 1421 2820 standum,

383 2849 440 2902 quae
454 2844 515 2883 sunt
529 2832 682 2885 clarissima.

418 2913 504 2982 Major
515 2911 655 2965 difficultas
669 2925 708 2965 est
722 2915 748 2964 in
761 2912 932 2984 sequentibus
944 2912 1047 2978 verbis,
1058 2911 1190 2984 alteroque
1201 2930 1274 2966 anno
1286 2911 1422 2966 consalute-

384 3005 455 3043 uerat
465 3004 496 3044 ιιι
507 2992 657 3065 Auprutom.
672 2995 759 3062 Quem
771 2993 888 3047 dicemus
901 2993 976 3046 illum
990 2993 1101 3046 altorum
1117 3011 1216 3042 annum
1229 2995 1305 3045 esse?
1316 2993 1422 3064 Scaliger

383 3072 507 3142 capiebat
517 3077 568 3140 ito,
580 3088 609 3126 ut
619 3076 747 3126 Latinitas
757 3087 783 3126 et
796 3073 874 3126 rerba
885 3077 990 3137 sinunt,
1004 3087 1034 3124 ut
1046 3076 1081 3125 sit
1089 3072 1155 3124 alter
1167 3091 1253 3126 annus
1266 3092 1281 3125 a
1293 3073 1422 3126 consulatu

382 3151 429 3203 illo
441 3153 567 3205 secundo.
583 3155 609 3206 Si
621 3155 702 3206 verbu
714 3173 768 3216 non
782 3168 909 3228 corrupta
922 3167 1000 3222 sunt,
1014 3153 1096 3205 alium
1111 3171 1215 3205 sensum
1232 3171 1262 3204 ea
1276 3173 1324 3226 per
1336 3155 1423 3206 latini-

383 3243 464 3283 tatem
479 3231 578 3285 babere
593 3252 646 3284 non
662 3249 782 3303 possunt.
794 3235 891 3287 Verum
905 3234 949 3286 hio
964 3235 1079 3286 exoritur
1091 3253 1184 3304 magna
1197 3231 1329 3286 dubitatio
1343 3257 1348 3285 :
1363 3253 1423 3306 quo·

383 3311 480 3377 modo,
499 3312 545 3363 illo
563 3327 698 3384 tempore,
712 3316 827 3366 Domitia
841 3315 959 3388 Arrpusto
976 3313 1105 3386 appellari
1121 3317 1254 3384 potuerit,
1274 3333 1354 3386 quum
1372 3317 1423 3386 ipse

383 3391 550 3444 Domitianus
559 3391 678 3444 nondum
688 3395 822 3466 Augustus
830 3408 907 3447 esset.
917 3396 981 3445 Eam
993 3394 1118 3463 Scaliger,
1129 3392 1162 3444 ad
1175 3393 1319 3446 Eusebium
1332 3415 1356 3466 p.
1369 3411 1423 3456 eoa,

383 3473 421 3522 sic
434 3470 559 3535 tollebat,
570 3487 598 3524 nt
612 3472 726 3540 diceret,
742 3493 841 3526 morem
858 3475 953 3541 fuisse,
967 3489 997 3526 nt
1006 3493 1062 3524 non
1076 3473 1159 3524 solum
1173 3475 1353 3544 Augustorum
1364 3495 1425 3526 uxo-

383 3569 425 3602 res
435 3552 559 3621 Augustae
570 3552 733 3616 dicerentur,
745 3553 877 3606 sedetiam
888 3553 963 3620 filiae,
977 3571 1097 3617 sorores,
1110 3570 1192 3603 nurus
1205 3565 1231 3603 et
1243 3571 1343 3606 socrus.
1354 3555 1423 3620 lam,

385 3647 546 3702 quamquain
558 3631 659 3683 nullum
674 3632 823 3703 exemplum
834 3649 865 3684 ex
878 3634 965 3703 primo
981 3632 1070 3684 seculo
1079 3631 1169 3682 offerri
1181 3643 1271 3701 potest
1282 3651 1363 3686 nurus
1374 3634 1423 3684 Λιι-

383 3727 481 3782 gustes,
497 3717 572 3786 eujus
585 3715 695 3766 maritus
708 3716 842 3784 Augustus
856 3733 910 3766 non
924 3728 1008 3782 esset,
1025 3729 1112 3766 tamen
1127 3712 1171 3774 id,
1184 3731 1239 3763 non
1254 3713 1322 3766 adeo
1338 3715 1423 3768 absur-

384 3791 448 3844 dum
462 3805 518 3859 est,
536 3795 697 3861 existimare,
716 3797 830 3866 primum
848 3793 947 3845 facturn
967 3796 993 3845 in
1013 3795 1136 3845 Domitia.
1152 3792 1253 3845 Caussa
1272 3797 1357 3865 potnit
1374 3793 1423 3846 hec
1491 3791 1493 3796 ’

384 3889 457 3936 esse,
470 3871 542 3942 quod
556 3876 713 3943 peperisset,
729 3877 771 3924 eui
788 3873 933 3944 aliquando
946 3874 1087 3944 imperium
1102 3871 1253 3935 deberetur,
1269 3873 1372 3944 qnando
1382 3873 1423 3923 'li-

384 3963 426 4002 tus
440 3950 533 4004 caelebs
546 3967 627 4018 esset,
647 3971 696 4005 nec
710 3953 841 4005 videretur
854 3969 963 4004 uxorem
981 3952 1124 4019 ducturus,
1142 3965 1266 4023 essetque
1285 3953 1350 4004 odeo
1363 3953 1422 4004 aulai

384 4028 532 4104 domusque
544 4033 666 4102 Auguste
680 4032 828 4086 subsidium
838 4051 929 4084 unum.
941 4033 1054 4085 Molesta
1069 4051 1151 4105 porro
1168 4045 1207 4084 est
1221 4035 1371 4102 conjunctio
1384 4045 1420 4097 ut,

385 4127 442 4179 quae
457 4112 485 4162 in
497 4110 547 4163 bae
562 4112 647 4164 forma
664 4111 790 4185 loquendi
806 4115 901 4165 usitata
918 4131 973 4164 non
988 4127 1035 4164 est.
1048 4114 1148 4166 Verum
1165 4129 1223 4164 eam
1240 4125 1331 4164 natam
1342 4112 1421 4164 dicere

342 4245 344 4252 ,
386 4208 550 4258 possumuse
564 4193 635 4246 finali
645 4192 744 4268 syllaba
755 4193 928 4266 precedentis
941 4193 1027 4260 verbi,
1038 4192 1249 4265 ejiciendamque
1262 4211 1334 4258 esse,
1349 4207 1377 4246 ot
1386 4197 1420 4244 ιι·-

385 4287 442 4319 snm
452 4271 606 4339 Torrentio,
615 4274 749 4326 Gronovio
760 4288 785 4327 et
792 4273 994 4345 Oudendorpio.
1005 4273 1137 4344 Adjuvare
1146 4291 1228 4346 porro
1237 4271 1308 4327 laune
1316 4289 1419 4326 nostruin
