3076 5146
386 545 451 624 440
759 543 795 606 C.
821 541 1053 607 SUETONII

382 683 496 736 autem
518 689 575 732 eas
601 664 825 757 appellatione
849 669 966 734 Graeca
989 682 1122 747 wittae
1143 668 1325 737 vocabant:
1350 695 1436 739 mox
1529 663 1530 674 ¹

383 780 604 846 controversias
622 773 777 870 quidam,
800 773 859 844 sed
876 792 936 843 aut
941 779 1057 868 fictas,
1075 792 1135 844 aut
1146 780 1328 867 judiciales.
1351 780 1433 848 Illu-

384 903 468 954 stres
482 885 706 979 professores,
721 901 755 952 et
768 908 914 980 quorum
927 889 1089 954 memoria
1100 885 1213 982 aliqua
1225 905 1349 972 exstet,
1363 914 1433 958 non

382 1015 508 1068 temere
521 997 578 1068 alti
591 1000 819 1091 reperientur,
836 1021 940 1092 quam
953 997 996 1066 de
1013 997 1135 1092 quibus
1148 997 1301 1068 tradam.

430 1115 474 1178 11.
499 1115 536 1176 L.
553 1115 694 1178 Pnorrus
707 1111 850 1176 Gauius.
863 1114 912 1176 De
925 1107 990 1176 hoc
1001 1111 1116 1176 Cicero
1128 1120 1136 1147 ¹
1151 1109 1195 1178 ad
1207 1115 1254 1178 Μ.
1269 1113 1432 1179 'litinium

384 1223 432 1288 sic
446 1221 568 1287 refert:
589 1219 779 1314 «Equidem
794 1222 957 1287 memoria
973 1235 1091 1302 teneo,
1105 1223 1220 1313 pueris
1234 1221 1349 1308 nobis,
1366 1226 1434 1314 pri-

382 1355 478 1398 mum
497 1333 613 1400 Latine
633 1329 755 1398 docere
777 1333 918 1423 coepisse
940 1335 978 1398 L.
1001 1329 1147 1400 Plotium
1169 1332 1367 1427 quendam:
1389 1334 1432 1401 ad

383 1465 486 1536 quem
499 1467 608 1536 quum
622 1440 718 1510 fieret
733 1465 936 1525 concursus,
952 1441 1044 1535 quod
1059 1441 1327 1522 studiosissimus
1345 1446 1432 1539 quis·

383 1576 450 1647 que
468 1550 559 1646 apud
578 1577 656 1620 eum
674 1569 897 1634 exerceretur,
917 1551 1089 1634 dolebam
1108 1553 1191 1620 mihi
1208 1554 1300 1623 idem
1313 1578 1384 1622 non
1397 1553 1433 1621 1¹>

383 1688 471 1732 cere.
489 1662 692 1732 Continebar
708 1683 822 1731 autem
841 1662 1114 1731 doctissimorum
1129 1663 1309 1732 hominum
1324 1681 1433 1732 aucto

382 1776 498 1856 ritate,
516 1777 575 1868 qui
595 1774 844 1857 existimabant,
861 1775 985 1842 Graecis
999 1774 1294 1843 exercitationibus
1310 1775 1355 1842 ali
1370 1799 1435 1843 me·

383 1883 448 1952 lius
458 1885 592 1976 ingenia
603 1883 733 1976 posse⁸.
746 1915 759 1946 υ
773 1890 873 1952 Hunc
884 1881 1031 1953 eundem
1041 1889 1132 1971 (nam
1143 1883 1334 1954 diutissime
1343 1889 1433 1972 vixit)

349 2037 350 2046 .
385 1999 433 2062 Μ.
447 1992 571 2066 Coelius
582 1997 618 2061 in
636 1998 801 2077 oratione,
821 2019 924 2089 quam
941 2019 1004 2088 pro
1026 2018 1061 2062 se
1078 1993 1120 2062 de
1136 1997 1169 2062 vi
1184 1995 1321 2079 habuit,
1340 1999 1434 2089 signi

385 2107 507 2175 ficabat
521 2106 664 2175 dictasse
679 2110 848 2190 Atratino,
865 2111 1052 2176 accusatori
1069 2131 1149 2189 suo,
1164 2111 1352 2176 actionem:
1366 2107 1434 2176 sub

384 2233 557 2312 tractoque
578 2219 732 2303 nomine,
757 2215 1023 2285 «hordearium»
1042 2241 1121 2285 eum
1141 2218 1342 2287 «rhetorem
1356 2250 1369 2280 ι
1384 2243 1434 2310 ap
1487 2241 1490 2249 ¹

385 2326 507 2419 pellat,
523 2325 697 2411 deridens,
710 2346 749 2396 ut
761 2327 917 2396 inflatum
929 2352 967 2395 ac
979 2327 1089 2397 levem
1100 2345 1133 2396 et
1145 2328 1332 2398 sordidum.

432 2440 492 2504 ΙΙΙ.
520 2443 558 2506 L.
574 2441 751 2508 Oracruru
766 2445 897 2508 Prnrrus
912 2440 1054 2507 servisse
1067 2438 1207 2523 dicitur,
1222 2456 1327 2536 atque
1341 2443 1434 2509 etiam

386 2551 541 2618 ostiarius
554 2554 659 2619 veteri
671 2575 766 2619 more
777 2554 813 2617 in
823 2566 942 2618 catena
952 2550 1074 2634 fuisse,
1089 2549 1197 2618 donec
1211 2550 1255 2617 ob
1268 2553 1433 2642 ingenium

386 2685 426 2732 ac
452 2659 603 2729 studium
627 2661 801 2730 literarum
828 2664 1072 2745 manumissus,
1096 2665 1270 2729 accusanti
1296 2679 1435 2756 patrono

387 2770 616 2865 subscripsit¹.
634 2773 762 2840 Deinde
778 2772 993 2842 Rhetoricam
1009 2773 1197 2866 professus,
1214 2777 1275 2841 Cn.
1300 2779 1435 2868 Pompe·

386 2886 459 2952 ium
470 2875 634 2976 Magnum
645 2881 777 2968 docuit,
789 2887 962 2979 patrisque
971 2882 1045 2976 ejus
1054 2909 1108 2952 res
1118 2901 1244 2976 gestas,
1255 2909 1321 2952 nec
1330 2891 1434 2954 minus

385 2996 509 3086 ipsius,
529 2994 760 3089 compluribus
779 2994 873 3062 libris
893 2998 1064 3088 exposuit3
1083 2997 1214 3087 primus
1233 2997 1435 3064 omniumli

387 3104 611 3186 bertinorum,
632 3122 671 3173 ut
693 3105 867 3174 Cornelius
890 3112 1001 3198 Nepos
1025 3107 1199 3198 opinatur,
1222 3107 1369 3176 scribere
1389 3108 1435 3175 hi-

388 3217 526 3283 storiam
545 3239 661 3297 orsus,
683 3240 753 3285 non
774 3220 839 3284 nisi
860 3216 903 3285 ab
923 3216 1162 3285 honestissimo
1183 3240 1322 3311 quoque
1343 3217 1434 3286 scribi

388 3324 535 3394 solitam.

437 3443 493 3504 IV.
520 3436 570 3505 Ad
585 3439 620 3506 id
635 3456 786 3534 tempus¹
805 3445 953 3522 Errnrus,
969 3439 1137 3508 calumnia
1150 3457 1308 3525 notatus,
1323 3440 1436 3509 ludum

390 3546 524 3616 dicendi
534 3552 684 3641 aperuit:
699 3549 880 3647 docuitque
892 3554 979 3619 inter
990 3568 1119 3620 ceteros
1132 3555 1179 3618 M.
1193 3554 1395 3634 Antonium,
1406 3566 1436 3618 et

390 3665 590 3752 Augustum.
611 3661 740 3746 Quibus
762 3662 934 3757 quondam
952 3666 987 3729 C.
1006 3665 1186 3746 Canutius,
1206 3660 1435 3755 objicientibus

390 3767 472 3852 sihi,
490 3768 581 3864 quod
598 3773 632 3837 in
650 3772 834 3865 Republica
849 3769 1116 3841 administranda
1132 3775 1349 3867 potissimum
1364 3797 1436 3840 con-

424 4000 456 4052 ΙΙ.
477 4018 497 4052 1.
512 4001 553 4053 De
565 4002 615 4056 boc
627 4004 730 4073 cam,
743 4019 794 4058 ete.
807 4007 833 4058 in
848 4005 892 4058 de·
938 4019 1032 4058 tronus
1050 4005 1181 4071 haberet,
1200 4008 1258 4076 ipse
1278 4006 1435 4078 composuit;

390 4077 499 4150 perditis
511 4081 640 4152 epistolis.
938 4084 1011 4136 bunc
1023 4083 1122 4154 adjuvit
1135 4095 1191 4135 arte
1203 4101 1259 4135 sua.

383 4191 386 4204 ·
424 4159 892 4236 111.1.Accusanriparronosutscri-
972 4163 1435 4235 1V.1.Adtdrenpus.A}.Aatdm

389 4240 454 4310 prit;
470 4242 617 4311 orationes,
633 4263 700 4316 quas
716 4247 744 4298 in
759 4247 826 4297 Foro
841 4264 892 4316 pe·
938 4258 1049 4316 tempus,
1063 4263 1093 4297 ex
1106 4243 1303 4298 emendatione.
