3048 5142
388 515 454 582 250
760 511 795 574 C.
815 510 1055 578 ‘SUETONII

386 639 542 710 essedum
555 640 767 732 Imperatoris
779 661 840 730 per
850 640 967 730 viginti
976 661 1137 732 passuum
1148 635 1253 709 millia
1265 641 1420 710 cucurrit.

431 757 506 819 VII.
531 751 629 818 Caede
642 753 711 822 Caii
723 753 897 833 nunciata,
912 749 1026 818 multis
1038 749 1082 818 ad
1093 752 1302 818 occasionem
1312 755 1424 820 stimu-

385 861 549 944 lantibus,
564 864 711 956 quIetem
722 858 882 953 praetulit.
899 866 961 928 Per
972 859 1037 928 hoc
1049 862 1257 953 gratissimus
1269 859 1422 944 Claudio,

385 989 606 1067 receptusque
618 977 654 1040 in
664 971 835 1040 cohortem
846 973 1042 1053 amicorum,
1051 985 1152 1040 tantae
1163 968 1362 1062 dignationis
1373 984 1424 1040 est

384 1081 518 1152 habitus
529 1134 537 1164 ‚
548 1099 602 1166 ut,
614 1097 721 1177 quum
735 1081 845 1150 subite
857 1085 886 1149 ei
896 1081 1070 1164 valetud0,
1084 1105 1194 1174 neque
1205 1079 1289 1148 adeo
1299 1083 1422 1172 gravis,

385 1195 571 1278 incidisset,
584 1194 706 1264 dilatus
723 1197 766 1262 sit
781 1193 1000 1287 expeditionis
1017 1195 1229 1262 Britannicae¹
1249 1191 1332 1260 dies.
1345 1193 1424 1260 Afri·

384 1330 458 1374 cam
477 1305 680 1373 Proconsule
696 1306 831 1373 biennio
850 1305 1028 1389 obtinuit2,
1047 1321 1140 1372 extre
1161 1320 1285 1376 sortem
1299 1303 1423 1372 electius

384 1416 429 1483 ad
447 1414 669 1484 ordinandam
687 1419 909 1510 provinciam,
936 1435 969 1484 et
988 1419 1146 1484 intestina
1165 1415 1372 1483 dissensione
1392 1429 1424 1480 et

384 1523 605 1592 barbarorum
620 1524 766 1592 tumultu
780 1529 982 1621 inquietam:
996 1515 1227 1619 ordinauitque
1242 1549 1364 1617 magna
1377 1548 1424 1591 so

384 1638 531 1704 veritatis
548 1660 587 1702 ac
600 1633 737 1726 justitiae
755 1660 851 1720 cura,
865 1641 964 1704 etiam
976 1641 1011 1704 in
1022 1635 1170 1729 parvulis
1183 1635 1296 1703 rebus.
1310 1633 1422 1726 Milia,

385 1747 443 1839 qui
455 1768 516 1838 per
528 1742 773 1836 expeditionem
785 1749 950 1812 artissima
960 1769 1096 1842 annom
1105 1744 1278 1813 residuum
1290 1744 1425 1812 cibario·

383 1879 461 1921 rum
472 1855 571 1924 tritlci
581 1852 733 1922 modium
747 1870 881 1922 centum
901 1854 1045 1922 denariis
1061 1853 1251 1924 vendidisse
1266 1855 1425 1946 argueba-

384 1981 453 2048 tur,
473 1967 595 2045 vetuit,
613 1963 831 2058 simulatque
854 1962 1003 2056 indigere
1022 1965 1096 2032 cibo
1118 1966 1288 2056 coepisset,
1304 1989 1325 2032 a
1344 1988 1426 2058 quo-

384 2099 487 2170 quam
500 2099 599 2168 opem
608 2075 704 2142 ferri:
724 2091 758 2144 et
768 2079 795 2143 is
808 2076 896 2143 fame
907 2075 1066 2144 extabuit.
1080 2079 1167 2144 Atio
1177 2073 1253 2167 jure
1265 2073 1423 2156 dicendo,

385 2211 491 2279 quum
505 2185 547 2253 de
563 2184 766 2279 proprietate
782 2183 926 2278 jumenti
942 2201 1148 2281 quaereretur
1159 2239 1167 2267 ‚
1180 2185 1309 2252 levibus
1322 2188 1425 2252 utrin-

384 2319 451 2388 que
470 2299 674 2387 argumentis
696 2312 730 2363 et
749 2296 900 2380 testibus,
925 2293 1067 2390 ideoque
1088 2295 1214 2363 difficili
1232 2293 1425 2388 conjectura

362 2469 368 2476 .
383 2409 549 2489 veritatis,
562 2411 606 2474 ita
618 2407 781 2490 decrevit,
794 2424 832 2476 ut
843 2408 885 2474 ad
898 2407 1009 2474 lecum
1020 2459 1028 2489 ‚
1040 2406 1097 2474 ubi
1111 2407 1272 2501 adaquari
1285 2406 1423 2488 solebat,

384 2513 563 2584 duceretur
588 2520 694 2610 capite
713 2518 879 2599 involuto,
902 2534 1004 2612 atque
1027 2517 1152 2584 ibidem
1170 2517 1334 2599 revelem,
1354 2514 1424 2608 ejus

384 2643 485 2708 esset,
500 2628 544 2694 ad
555 2653 657 2723 quem
668 2646 787 2724 sponte
800 2653 835 2696 se
846 2655 867 2696 a
878 2648 962 2722 potu
973 2633 1162 2722 recepisset.

429 2741 519 2804 VIII.
546 2737 598 2804 Ob
618 2761 688 2824 res,
710 2755 743 2806 et
761 2753 841 2806 tunc
858 2740 893 2805 in
911 2739 1036 2822 Africa,
1057 2756 1090 2807 et
1103 2740 1184 2807 olim
1196 2743 1228 2806 in
1248 2741 1426 2807 Germania

384 2862 508 2938 gestas,
531 2865 727 2916 ornamenta
744 2847 959 2940 triumphalia
979 2852 1124 2941 accepit,
1149 2864 1184 2915 et
1203 2848 1426 2918 sacerdotium

383 2955 521 3049 triplex,
543 2961 629 3024 inter
652 2955 959 3043 Quindecimviros¹
987 2957 1186 3054 sodalesque
1205 2961 1324 3042 Titios,
1347 2962 1426 3026 item

384 3159 454 3214 tibus
466 3163 570 3234 praeire,
583 3176 785 3234 praemonstrare
795 3175 883 3214 motus
927 3163 980 3215 fert
989 3160 1111 3234 Pighius,
1119 3163 1188 3214 Ann.
1199 3177 1263 3216 tom.
1272 3165 1321 3230 Ill,
1330 3183 1358 3234 p.
1368 3161 1426 3234 575.

384 3259 490 3307 omnes,
507 3256 582 3294 scuto
597 3243 767 3294 decurrentes
785 3260 882 3312 repere.
963 3243 1029 3294 VIII.
1053 3259 1073 3293 r.
1096 3240 1325 3312 Quinderiuruiros.
1339 3241 1381 3292 cf.
1395 3241 1428 3294 ad

383 3319 425 3370 Cf.
439 3319 472 3370 ad
484 3321 583 3372 Neron.
599 3339 657 3393 cap.
670 3338 694 3390 7.
704 3351 740 3360 —
749 3319 838 3372 Etiam
850 3321 884 3372 ad
928 3318 992 3371 Caes.
1007 3337 1049 3390 79.
1062 3351 1096 3360 -
1108 3321 1147 3372 De
1156 3318 1285 3374 sodalibus
1298 3321 1375 3376 Titiis
1383 3322 1429 3372 Ta·

383 3398 525 3451 essedum..
536 3401 673 3450 ,ειιειινήτι
693 3399 759 3452 Vide
773 3413 828 3450 not.
851 3398 884 3451 ad
929 3399 973 3450 cit.
981 3399 1078 3452 Annal.
1088 3401 1113 3462 1,
1125 3399 1173 3466 54,
1185 3399 1276 3452 uldem
1287 3417 1374 3452 aniius
1384 3419 1429 3452 no·

304 3507 306 3512 -
384 3473 466 3544 Calig.
482 3475 522 3528 26.
928 3496 974 3529 vas
987 3478 1144 3530 cerimonias
1156 3481 1271 3550 accepit,
1284 3479 1375 3532 addito
1387 3497 1429 3531 so·

420 3555 476 3604 VII.
492 3571 513 3604 r.
526 3555 707 3626 Expeditiones
716 3555 882 3608 Britannicae.
929 3556 1218 3627 daliumAugustalium
1228 3559 1391 3622 sacerdotio;
1400 3572 1429 3611 ut

384 3628 451 3682 Vide
462 3630 556 3682 Claud.
570 3649 611 3701 17.
930 3633 1065 3707 quondam
1079 3635 1109 3688 T.
1127 3635 1215 3688 Tatius
1227 3635 1371 3690 retinendIs
1382 3637 1430 3689 Sa·

422 3727 445 3762 a.
465 3710 586 3782 Africum
596 3751 602 3762 .
613 3751 634 3764 ..
644 3749 650 3764 .
660 3713 780 3767 obtinuit.
800 3715 882 3766 Tacit.
928 3715 1052 3768 binorum
1064 3716 1145 3767 sacris
1157 3711 1255 3766 sodales
1266 3714 1348 3767 Titr'os
1358 3716 1430 3766 insti·

384 3789 451 3840 Hist.
463 3792 487 3856 l,
502 3789 549 3858 49,
563 3793 631 3842 «Pro
643 3791 882 3844 ConsuleAIricam
929 3807 1010 3848 tuerat
1016 3817 1044 3857 ,·ι
1059 3798 1199 3848 immemor
1210 3796 1264 3862 sui,
1278 3793 1321 3845 vel
1334 3793 1429 3860 alium,

385 3867 535 3920 moderate.
545 3909 551 3921 .
562 3910 567 3920 .
577 3909 582 3921 .
592 3871 731 3922 continuit.
742 3893 753 3916 u
766 3869 807 3920 cf.
820 3870 882 3922 Plu·
928 3888 957 3926 ut
967 3875 1080 3942 videtur,
1094 3889 1228 3928 auctorem
1241 3886 1350 3927 secutus
1362 3875 1429 3926 llist.

385 3949 469 4004 ta‘rclr.
484 3949 561 4003 Galb.
576 3951 601 4003 3.
616 3952 655 4004 De
669 3951 754 4002 forma
766 3951 884 4003 Procon·
928 3953 965 4018 II,
980 3953 1027 4024 95,
1042 3953 1101 4020 ubi,
1125 3952 1327 4022 -Aaguuatium
1343 3969 1432 4002 sacer·

386 4031 439 4084 sule
448 4032 506 4086 ride
515 4046 569 4085 not.
580 4031 613 4084 ad
621 4033 685 4085 Caes.
697 4031 739 4098 54.
751 4030 834 4082 adut.
843 4033 885 4082 Vi·
930 4031 1047 4101 dotium,
1058 4047 1087 4086 ut
1096 4031 1219 4086 Romulus
1230 4031 1306 4084 Tatio
1319 4031 1384 4104 rapi,
1393 4031 1431 4084 ita

386 4111 484 4164 nicium
493 4113 592 4164 IlctM.
601 4111 730 4165 Statilium
741 4110 885 4162 Corvinum
930 4113 1016 4165 Caesar
1029 4112 1152 4164 Tiberius
1163 4111 1237 4162 Julier
1250 4111 1324 4182 genti
1339 4128 1432 4162 sacra·

389 4188 463 4258 (ann.
477 4191 544 4264 798)
554 4189 772 4266 proconsulatum
781 4193 838 4261 ejus
848 4210 886 4243 re·
930 4192 995 4242 vita
1010 4191 1051 4243 Cf.
1063 4191 1155 4258 llosin.
1165 4191 1225 4242 dnt.
1237 4190 1312 4242 Rom.
1326 4190 1376 4258 III,
1389 4189 1430 4256 ιζ.
