3066 5148
299 515 304 540 '
410 546 453 626 42
782 542 818 605 o.
845 539 1079 607 suaronu

407 674 472 754 ria,
486 695 593 766 quum
601 685 652 737 tot
660 668 914 737 criminantibus
926 666 1134 738 credendum
1147 685 1245 736 esset.
1259 672 1450 764 Etmestrem

405 780 578 863 ordinem,
591 795 630 849 ut
646 804 754 848 scenae
771 804 950 876 arenaeque
964 779 1163 863 devotum⁵,
1180 780 1315 848 assidue
1330 783 1450 873 prosci-

406 893 464 960 dit.
487 893 642 960 Inlensus
657 892 788 977 turbae,
808 893 934 961 faventi
956 891 1119 960 adversus
1142 890 1293 960 studium
1316 891 1448 974 suum⁶,

404 1002 624 1072 exclamavit:
644 1007 808 1072 «Utinam
821 1004 969 1097 populus
981 1009 1154 1071 Romanus
1170 1027 1275 1070 unam
1291 1006 1449 1071 cervicem

402 1111 587 1182 haberat»
610 1121 792 1210 Quumque
810 1117 979 1182 Tetrinius
1003 1113 1108 1181 latro⁷
1130 1109 1375 1206 postularetur,
1396 1131 1449 1180 «et

403 1229 462 1320 qui
484 1227 713 1320 postularent,
734 1229 902 1295 Tetrinios
922 1249 1040 1309 esse,»
1067 1228 1124 1319 ait.
1154 1228 1290 1294 Retiarii
1315 1227 1448 1293 tunicati

401 1341 553 1434 quinque
575 1364 718 1407 numero
746 1342 909 1434 gregatim
937 1339 1152 1421 dimicantes,
1176 1341 1250 1408 sine
1273 1339 1448 1406 certamine

400 1446 472 1515 ullo
498 1449 637 1517 totidem
664 1451 874 1518 secutoribus
902 1446 1194 1518 succubuerant⁸:
1218 1472 1328 1544 quum
1349 1446 1446 1516 occidi

397 1555 610 1651 juberentur,
632 1585 740 1645 unus,
765 1577 916 1628 resumta
937 1560 1087 1644 fuscina,
1108 1583 1226 1628 omnes
1243 1562 1386 1628 victores
1401 1561 1446 1626 in-

400 1673 542 1746 teremit.
569 1677 664 1740 Hanc
682 1689 721 1740 ut
738 1672 1005 1740 crudelissimam
1026 1669 1152 1740 caedem
1174 1687 1208 1738 et
1228 1668 1369 1738 deflevit
1387 1669 1447 1737 edi·

399 1800 470 1866 cta,
489 1801 612 1868 steca,
633 1789 691 1879 qui
707 1803 859 1879 spectare
876 1787 1132 1867 sustinuissent,
1147 1800 1342 1852 exsecratus
1354 1800 1412 1851 est.

372 1879 375 1886 ⁶
443 1898 563 1964 XXXI.
589 1899 693 1982 Queri
716 1900 816 1965 etiam
840 1896 954 1990 palam
976 1894 1019 1963 de
1045 1893 1236 1964 conditione
1260 1909 1446 1986 temporum

399 2028 538 2074 suorum
554 2006 701 2092 solebat,
718 2007 810 2104 quod
826 2007 931 2076 nullis
946 2005 1193 2074 calamitatibus
1211 2004 1359 2098 pubhcis
1373 2005 1446 2071 insi·

397 2117 589 2207 guitentur:
607 2122 749 2208 Augusti
768 2121 996 2211 principatum
1014 2115 1109 2185 clade
1127 2119 1295 2198 Variana3
1310 2115 1444 2197 Tiberii,

397 2229 495 2293 ruina
516 2230 806 2320 spectaculorum¹
827 2229 920 2323 apud
941 2230 1105 2314 Fidenas,
1127 2227 1385 2297 memorabilem
1403 2227 1446 2294 fa·

397 2350 506 2404 ctum:
524 2361 586 2405 suo
600 2337 802 2409 oblivionem
821 2343 997 2409 imminere
1011 2343 1234 2434 prosperitate
1248 2363 1376 2407 rerum.
1393 2345 1445 2405 At·

395 2471 462 2540 que
476 2446 661 2518 identidem
675 2454 883 2520 exercituum
898 2451 1025 2534 caedes,
1040 2452 1183 2535 famem,
1202 2450 1443 2544 pestilentiam,

394 2555 565 2641 incendia,
580 2559 710 2628 hiatum
723 2562 872 2657 aliquem
884 2578 982 2629 terrae
994 2560 1141 2653 optabat.

440 2674 577 2739 XXXll.
595 2677 753 2743 Animum
766 2700 901 2771 quoque
914 2676 1117 2757 remittenti,
1133 2671 1281 2769 ludoque
1297 2687 1332 2740 et
1344 2671 1443 2766 epulis

393 2778 521 2866 dedito,
533 2781 651 2851 eadem
657 2783 825 2854 dictorum
833 2787 1068 2879 laetorumque
1079 2787 1206 2852 saevitia
1215 2783 1346 2852 aderat.
1355 2786 1446 2875 Saepe·

393 3004 453 3056 Idan
467 3007 634 3078 Beonaparte
649 3009 735 3076 (absit
748 3010 859 3078 invidia,
874 3014 897 3063 si
943 3008 1024 3076 Quod
1039 3007 1073 3060 ad
1088 3007 1187 3061 dictam
1202 3005 1326 3076 Caligulae
1341 3010 1441 3072 attinet,

393 3101 453 3133 curn
467 3083 523 3134 Caii
537 3087 643 3138 nominc
654 3103 752 3140 nomen
765 3090 821 3158 ejus
834 3108 897 3140 con·
941 3086 1001 3139 vide
1010 3107 1067 3159 quae
1077 3101 1137 3157 post
1147 3100 1281 3137 narratam
1290 3088 1347 3157 ejus
1357 3103 1441 3137 necem

388 3163 568 3234 jungamus),
586 3165 619 3216 de
635 3184 733 3236 magno
748 3169 841 3220 Tacito
859 3168 897 3220 lo·
942 3167 1049 3238 subjicit
1059 3169 1124 3231 Dio,
1137 3168 1210 3233 LlX,
1222 3165 1267 3219 30.

392 3260 475 3313 quens
491 3265 497 3294 r
516 3242 565 3295 ull
577 3267 593 3296 a
607 3245 739 3299 calumnie
749 3248 856 3300 Tibere!
865 3269 876 3295 υ
978 3265 1002 3318 7.
1022 3247 1100 3300 Latro
1109 3269 1118 3308 ,-
1136 3249 1192 3299 sine
1206 3246 1290 3298 dubio
1307 3245 1440 3298 damnatae

430 3320 455 3373 5.
479 3323 513 3373 Ut
522 3340 603 3374 sceuoe
617 3343 751 3399 arenaque
764 3326 895 3379 deuotum.
938 3322 1442 3397 jamadarenam.—Postularetur;ad

392 3399 504 3450 Ernestii
517 3403 716 3473 interpretatio,
732 3406 830 3458 animis
843 3419 896 3458 stu·
941 3407 1026 3476 ipsam
1040 3423 1156 3456 arenam.
1178 3433 1211 3445 ·-
1232 3405 1362 3456 Tetrinios
1379 3421 1425 3456 etse
1434 3423 1442 3461 ,·

391 3477 496 3530 diorum
507 3483 720 3550 spectaculorum
729 3488 895 3538 scenicorum
941 3485 1054 3554 dignos,
1069 3487 1115 3556 qui
1130 3498 1157 3536 et
1171 3486 1221 3556 ipsi
1234 3483 1269 3535 ad
1284 3486 1384 3536 ferrum
1395 3481 1441 3534 da·

391 3571 418 3610 et
431 3557 685 3629 gladiatoriorurn‚u
705 3565 782 3614 nimis
795 3579 834 3616 est
849 3583 896 3615 an·
942 3577 1041 3616 rentur.

391 3651 477 3706 gusta.
486 3641 610 3693 Furorem
619 3642 808 3714 proscindebat
815 3647 896 3715 Equi·
978 3643 1003 3693 8.
1023 3641 1174 3694 tentarit...
1192 3643 1349 3694 secutoribus
1359 3655 1442 3693 weta-

392 3732 464 3784 tum,
489 3739 584 3789 operas
607 3725 634 3773 in
658 3743 736 3776 scena
761 3741 895 3798 arenaque
939 3722 1054 3773 ducrum.
1069 3723 1167 3794 Totum
1182 3739 1277 3792 pugnae
1289 3739 1374 3793 genus
1385 3717 1443 3770 illu·

390 3798 542 3868 praebendi,
559 3800 592 3852 de
606 3821 659 3873 quo
671 3801 772 3855 dictum
788 3803 822 3856 ad
836 3807 894 3857 Au·
940 3813 1051 3853 stratum
1063 3801 1123 3852 ride
1136 3821 1151 3851 a
1165 3801 1271 3871 Lipsio,
1285 3803 1391 3853 Saturn.
1405 3798 1441 3860 ll,

391 3891 461 3947 gast.
475 3896 534 3948 cap.
548 3877 590 3944 43.
940 3900 955 3952 7
968 3896 994 3934 et
1007 3884 1037 3947 8,
1052 3895 1079 3932 et
1092 3881 1126 3933 ab
1143 3884 1252 3953 interpr.
1272 3880 1392 3933 Juvenal.
1405 3879 1440 3941 11,

428 3956 453 4006 6.
473 3957 581 4007 Furenti
594 3957 713 4014 Maenas
724 3961 838 4012 studium
852 3981 894 4014 sa-
943 3965 1006 4032 143,
1017 3977 1043 4014 et
1053 3963 1124 4024 Vill,
1136 3979 1187 4015 aoo
1199 3980 1254 4033 seq.
1267 3980 1320 4034 quo
1331 3961 1392 4012 loco
1403 3976 1441 4010 ac·

392 4053 446 4086 um.
461 4033 538 4088 Cani.
551 4036 617 4102 Dio,
629 4039 702 4102 LIX,
720 4041 758 4092 13.
771 4040 833 4092 Erat
846 4060 894 4092 au·
939 4055 1030 4094 curate
1042 4041 1108 4093 illud
1121 4040 1290 4093 describitur.

393 4127 446 4167 tem
465 4113 587 4168 addictus
606 4117 766 4188 deditusque
782 4121 895 4172 Prasinae
974 4121 1069 4172 XXXI.
1093 4138 1115 4172 r.
1127 4121 1214 4172 Ruina
1226 4117 1441 4192 spectaculorum,¹

392 4193 840 4270 factioni,utnarratNoster,cap.
850 4199 893 4253 55.
941 4198 1144 4273 Amphitheatri.
1158 4196 1225 4251 Vide
1239 4198 1329 4251 Tiber.
1346 4197 1388 4264 40.
