3076 5146
387 488 452 567 428
762 493 797 556 C.
824 493 1057 557 SUETONH

383 611 551 708 dit3quod
563 619 705 684 Murena
716 616 833 710 gihher
844 635 926 686 erat.
940 621 1144 710 Vixitprope
1154 613 1198 682 ad
1209 617 1429 684 centesimum
1515 689 1516 698 χ

382 726 488 791 atatis
508 749 655 808 annum,
674 731 796 796 amissa
812 725 1034 821 jampridem
1053 729 1232 808 memoria,
1254 743 1294 793 ut
1313 747 1429 792 versus
1515 717 1516 792 ἶ

384 831 530 902 Bibaculi
541 834 654 920 docet,

463 1009 603 1071 Orbilius
620 1009 748 1072 ubinam
763 1025 824 1087 est,
839 1011 1000 1071 literarum
1017 1007 1152 1098 ohlivio?

382 1169 497 1235 Statua
519 1166 593 1261 ejus
617 1173 798 1238 Beneventi
820 1169 1008 1238 ostenditur
1030 1172 1066 1237 in
1088 1167 1270 1262 Capitolio,
1291 1165 1336 1234 ad
1356 1167 1430 1232 sini·

384 1292 492 1344 strum
504 1277 606 1360 latus,
619 1295 823 1364 marmorea,
835 1279 952 1348 habitu
965 1278 1112 1348 sedentis
1124 1302 1164 1345 ao
1172 1277 1317 1370 palliati,
1329 1300 1428 1370 appo-

383 1390 454 1455 sitis
472 1387 605 1459 duobus
622 1395 762 1460 scriniis.
783 1392 930 1488 Reliquit
945 1391 1052 1460 filium
1067 1395 1249 1474 Orsinen,
1269 1405 1305 1457 et
1319 1390 1429 1481 ipsum

383 1501 646 1568 Grammaticum
659 1503 895 1595 professorem.

429 1623 469 1686 X.
483 1627 625 1690 Arrerus
638 1627 842 1691 Parnonocns
854 1622 1045 1706 libertinus,
1057 1621 1194 1690 Athenis
1205 1637 1318 1688 natus.
1333 1623 1429 1686 Hunc

383 1731 499 1822 Capito
515 1739 659 1818 Attcus,
676 1753 776 1803 notus
789 1733 1066 1828 jurisconsultus,
1084 1738 1171 1802 inter
1186 1734 1428 1802 Grammaticos

384 1841 566 1912 Rhetorem
610 1863 693 1914 mter
713 1846 874 1915 Rhetores
897 1850 1160 1915 Grammaticum
1176 1847 1283 1912 fuisse
1303 1846 1360 1910 ait.
1383 1848 1429 1910 De

382 1952 500 2022 eodem
513 1962 642 2025 Assuras
653 1964 773 2028 Pomm
783 1961 817 2026 in
829 1959 930 2043 libro,
942 1984 1009 2054 quo
1022 1957 1167 2028 Sallustii
1180 1959 1304 2050 scripta
1317 1979 1428 2048 repre·

383 2065 516 2151 hendit,
531 2086 568 2136 ut
579 2073 680 2138 nimia
694 2075 882 2164 priscorum
893 2071 1075 2140 verborum
1085 2071 1298 2138 affectatione
1311 2067 1426 2149 oblita,

382 2182 427 2245 ita
444 2177 560 2248 tradit:
581 2189 647 2249 «ln
662 2208 737 2250 eam
753 2207 825 2250 rem
840 2178 1047 2276 adjutorium
1063 2183 1093 2250 ei
1110 2182 1189 2249 fecit
1201 2183 1347 2248 maxime
1362 2179 1428 2273 qui·

381 2285 460 2354 dam
475 2295 603 2359 Atteius
619 2298 852 2376 Praetextatus,
872 2291 994 2359 nobilis
1010 2294 1255 2358 Grammaticus
1272 2291 1426 2368 latinus,

383 2399 643 2470 declamantium
657 2403 778 2471 deinde
791 2401 925 2497 adjutor
940 2421 1041 2497 atque
1057 2420 1262 2496 praeceptor,
1278 2400 1323 2468 ad
1338 2425 1426 2468 sum·

382 2535 472 2578 mam
492 2511 683 2604 Philologus
699 2513 741 2580 ab
763 2528 868 2581 semet
884 2514 1114 2580 nominatus.»
1137 2519 1212 2605 lpse
1227 2509 1272 2578 ad
1287 2509 1426 2577 Laelium

383 2628 542 2690 Hermam
567 2627 716 2718 scripsit,
745 2648 806 2692 «se
833 2628 868 2691 in
893 2626 1016 2692 Graecis
1040 2622 1144 2690 literis
1169 2647 1333 2714 magnum
1356 2645 1426 2713 pro

381 2756 514 2801 cessum
532 2734 672 2816 hahere,
692 2750 726 2802 et
742 2737 778 2801 in
794 2737 920 2802 Latinis
936 2733 1157 2802 nonnullum:
1176 2731 1313 2800 audisse
1329 2739 1425 2798 Anto·

333 2849 338 2858 '
380 2847 475 2912 nium
496 2845 725 2939 Gniphonem,
750 2841 891 2940 ejusque
915 2849 1093 2911 Hermam:
1121 2858 1235 2934 postea
1259 2841 1422 2908 docuisse.

380 2959 581 3050 Praecepisse
599 2973 713 3024 autem
728 2955 843 3023 multis
862 2972 895 3022 et
913 2954 1011 3022 claris
1027 2951 1225 3047 juvenibus:
1247 2953 1284 3020 in
1306 2953 1424 3047 quibus

379 3072 487 3160 Appio
511 3094 647 3164 quoque
670 3086 704 3138 et
725 3067 870 3136 Pulchro
891 3066 1053 3150 Claudiis,
1078 3066 1256 3144 fratribus,
1281 3089 1423 3159 quorum

379 3181 479 3248 etiam
489 3204 602 3250 comes
612 3185 647 3248 in
658 3181 831 3274 provincia
841 3179 975 3247 fuerit.»
990 3177 1155 3270 Philoloqi
1165 3175 1423 3270 appellationem

378 3296 577 3361 assumsisse
590 3293 737 3376 videtur,
751 3295 847 3387 quia,
862 3295 947 3360 sicut
958 3291 1213 3372 Eratosthenes,
1227 3291 1286 3383 qui
1298 3291 1425 3381 primus

379 3402 443 3469 hoc
455 3427 642 3494 cognomen
650 3404 711 3473 sihi
719 3403 913 3487 vindicavit,
922 3403 1097 3497 multiplici
1110 3399 1424 3497 variaquedoctrina

379 3513 598 3600 censebatur3
621 3514 711 3610 quod
735 3540 816 3584 sane
840 3541 881 3583 ex
902 3517 1150 3583 commentariis
1172 3511 1246 3606 ejus
1267 3527 1423 3606 apparet,

378 3649 583 3720 quamquem
598 3630 790 3718 paucissimi
809 3642 956 3694 exstent:
975 3624 1017 3693 de
1036 3648 1182 3720 quorum
1200 3640 1316 3690 tamen
1332 3625 1425 3715 copia

378 3739 426 3806 sic
437 3735 542 3802 altera
554 3735 597 3804 ad
609 3735 754 3804 eundem
766 3743 925 3805 Hermam
938 3735 1079 3829 epistola
1091 3734 1272 3828 significat:
1292 3765 1305 3794 s
1318 3732 1424 3826 Hylen

379 3863 529 3914 nostram
545 3846 618 3914 aliis
635 3841 804 3914 memerito
819 3845 1074 3914 commendare:
1090 3869 1193 3940 quam
1207 3848 1319 3911 omnis
1334 3865 1424 3936 gene

378 3935 424 4025 ris
437 3960 622 4050 coegimuS,
637 3960 687 4024 uti
702 3960 783 4041 scis,
800 3959 1007 4048 octingentos
1024 3959 1059 4024 in
1077 3957 1192 4024 libros.
1206 3987 1219 4016 n
1241 3954 1353 4022 Coluit
1367 3977 1424 4045 po-

378 4087 449 4156 stea
471 4070 727 4138 familiarissime
750 4073 867 4138 Caium
889 4067 1101 4151 Sallustium,
1127 4084 1161 4135 et
1184 4091 1224 4135 eo
1247 4065 1424 4144 defuncto,

379 4184 528 4254 Asinium
550 4180 753 4249 Pollionem:
772 4203 857 4274 quos
877 4181 1050 4247 historiam
1069 4201 1272 4269 componere
1292 4197 1423 4268 aggres-
