3054 5152
457 518 712 586 CLAUDIUS.
1048 526 1106 605 141

72 647 187 739 gremio
200 667 263 713 suo
275 660 391 712 natam
402 660 502 740 atque
515 645 715 714 educatam»
731 644 926 738 predicare.
939 649 1120 739 Aaoimrus·
1190 665 1193 672 '

72 759 101 823 in
112 779 233 822 nomen
247 753 383 823 familiae
395 777 465 822 suae
481 760 669 838 Neronem,
686 757 782 850 quasi
796 779 919 849 parum
934 755 1115 850 reprehen-

72 868 205 950 deretur,
217 867 311 962 quod
323 867 438 937 adulto
447 866 518 961 jam
530 867 600 937 tilio
611 871 806 962 privignum
816 868 1006 962 adoptaret,
1021 867 1113 937 iden-

73 977 164 1046 tidem
186 976 388 1070 divuigavit,
416 980 613 1047 «neminem
637 1003 788 1075 uuquam
810 1003 872 1073 per
896 976 1112 1072 adoptionem

72 1090 193 1158 familiae
204 1090 354 1159 Claudioe
365 1095 541 1160 insertum.
554 1123 568 1154 n

111 1207 174 1270 XL.
200 1206 370 1271 Sermonis
386 1227 467 1272 vero
486 1223 669 1298 rerumque
688 1220 816 1272 tantam
834 1227 926 1297 saepe
943 1202 1113 1296 negligen-

72 1314 141 1381 dam
158 1313 318 1400 ostendit,
337 1332 377 1383 ut
394 1339 457 1384 neo
470 1319 561 1410 quis¹
576 1367 584 1398 ‚
599 1340 664 1384 nee
681 1317 768 1383 iuter
783 1338 885 1410 quos,
905 1338 1015 1410 quove
1028 1330 1112 1382 tem-

71 1449 195 1518 pereae
210 1425 286 1494 loco
299 1427 404 1494 verba
419 1427 560 1510 faceret,
576 1430 660 1494 seire
676 1443 736 1494 aut
752 1429 898 1519 cogitare
912 1429 1114 1494 existimare·

71 1553 128 1604 tur.
146 1542 259 1624 Quum
279 1537 321 1607 de
340 1537 437 1608 laniis
456 1563 496 1607 ao
515 1542 652 1607 vinariis
670 1557 839 1632 ageretur,
859 1538 1059 1607 exclamavit
1077 1540 1113 1605 in

71 1649 174 1714 Cuma:
199 1653 320 1740 «Rogo
337 1672 417 1732 vos,
439 1652 515 1744 quis
533 1666 645 1742 potest
663 1654 736 1720 sine
755 1649 859 1721 offula
877 1651 1035 1718 viveret„
1059 1645 1114 1715 de·

14 1801 16 1858 ὶ
71 1760 259 1854 scripsitque
270 1758 513 1827 mundantium
526 1775 679 1828 veterum
690 1756 1114 1840 tabernarummndesoii·
1138 1784 1142 1792 ·

14 1919 15 1944 2
71 1881 117 1936 tus
129 1883 214 1936 esset
224 1870 342 1935 vinum
354 1868 436 1936 olim
448 1871 565 1961 etipse
577 1884 702 1960 petere.
716 1871 765 1935 De
777 1873 951 1955 Quaestore
966 1865 1114 1962 quodam

14 1977 15 1990 ¹
72 1975 255 2046 mndidato²
270 1981 358 2047 inter
372 2002 492 2047 causas
505 1979 755 2072 suffragationis
766 2001 836 2046 suae
848 1979 976 2070 posuit,
996 1977 1113 2073 «quod

14 2127 16 2142 =
72 2106 155 2182 puter
172 2087 246 2186 ejus
262 2090 419 2185 frigidam
439 2114 530 2182 aegro
549 2090 612 2159 sibi
632 2093 831 2184 tempestive
848 2087 1008 2170 dedisset.
1021 2120 1035 2149 υ
1061 2093 1113 2170 In-

14 2209 15 2296 J
73 2197 160 2268 ducta
177 2219 262 2270 teste
275 2204 310 2270 in
330 2205 473 2283 Senatu,
493 2206 616 2284 «Haec,
628 2233 642 2262 υ
662 2203 789 2296 inquit,
813 2203 956 2269 «matris
974 2224 1060 2268 meae
1076 2199 1113 2268 li-

14 2305 16 2368 i
73 2310 198 2381 bertaet
207 2317 359 2381 ornatrix
369 2313 450 2381 fuit:
469 2310 529 2380 sed
540 2338 595 2382 me
608 2329 790 2406 patronum
802 2337 937 2405 semper
948 2315 1113 2380 existima·

74 2425 119 2490 rit
140 2429 211 2492 Hoc
233 2422 311 2493 ideo
331 2423 415 2507 dixi,
440 2422 532 2518 quod
553 2423 692 2520 quidam
715 2441 796 2492 sunt
817 2422 929 2493 adhuc
950 2425 986 2491 in
1009 2421 1112 2491 domo

74 2559 149 2619 mea,
161 2540 220 2632 qui
229 2560 284 2604 me
296 2553 477 2630 patronum
489 2560 559 2605 non
571 2537 732 2630 putaut3a
746 2537 809 2606 Sed
820 2554 853 2605 et
860 2560 924 2630 pro
935 2536 1111 2620 tribunali,

74 2647 268 2715 Ostiensibus
279 2645 439 2741 quiddam
452 2647 586 2741 publice
599 2648 788 2730 orantibus,
802 2673 909 2743 quum
921 2646 1114 2717 excanduis

15 2805 16 2814 t
75 2771 129 2838 set,
149 2755 264 2825 «Nihil
283 2757 408 2827 habere
425 2783 507 2845 se,»
524 2757 726 2828 vociferante
745 2775 812 2842 est,
836 2790 849 2820 ιι
861 2783 965 2854 quare
985 2781 1042 2826 eos
1058 2757 1114 2826 de-
1193 2789 1196 2796 ·

75 2887 249 2940 iuuenum:
265 2873 294 2937 si
306 2895 409 2966 quem
422 2869 543 2955 alium,
557 2886 592 2939 et
602 2894 639 2939 se
650 2870 795 2939 liberum
806 2893 880 2938 esse
887 2867 911 2937 4.
926 2899 939 2930 n
957 2869 1114 2938 Numida

75 3127 114 3167 ete.
124 3117 152 3168 iu
161 3113 203 3166 his
213 3111 320 3165 Claudii
331 3111 434 3178 verbis,
445 3112 513 3164 utin
523 3129 563 3164 se·
607 3111 730 3164 Woiiius.
755 3107 879 3162 Beroaidi
902 3108 1113 3175 correctionem,

75 3194 215 3266 questibus,
225 3193 341 3246 Neronis
348 3192 488 3265 adoptioni
498 3211 564 3264 prae-
610 3186 1109 3264 ¹Dequoesturoequodemcandidato,n

75 3275 157 3342 uiuis,
167 3270 480 3344 conspicuueststupidra
488 3288 562 3322 men·
605 3281 669 3340 post
681 3266 747 3322 alios
760 3266 897 3338 adoptavit
909 3267 1011 3318 Ernest.

74 3355 100 3406 tit
110 3353 338 3408 inconsiderantia.
352 3353 437 3419 Nam,
454 3370 513 3423 quta
526 3350 562 3404 ud
641 3352 666 3403 3.
681 3350 732 3421 Qui
741 3368 782 3400 me
789 3360 933 3420 patronum
944 3365 998 3400 non
1005 3359 1110 3420 putant.

74 3433 272 3488 commendanda
290 3431 401 3486 couailia
419 3450 469 3486 rua
486 3430 561 3484 dice·
605 3428 733 3500 iudigitat
743 3426 855 3480 libertos
866 3445 944 3488 suos;
956 3427 1038 3498 igitur
1047 3427 1074 3478 in
1084 3445 1112 3480 re

74 3511 125 3582 bat,
139 3514 294 3570 dissuadere
313 3515 403 3586 potius
422 3513 562 3586 emittique
607 3523 680 3561 certo
696 3509 829 3561 affirmata
843 3507 876 3560 de
895 3507 972 3559 certis
991 3509 1112 3577 personis

75 3611 99 3646 aa
107 3595 195 3666 jubare
209 3593 357 3646 debebant.
605 3592 685 3643 unice
696 3589 768 3642 valet
778 3587 945 3640 indicativus.
961 3583 1033 3638 idem
1046 3585 1112 3638 dicit

100 3674 147 3726 iu
165 3693 187 3728 ι.
208 3673 245 3727 Ut
262 3692 310 3725 neo
323 3671 395 3746 quis,
410 3683 460 3723 etc.
476 3668 560 3724 Vaide
605 3670 738 3736 Woliiua,
760 3670 806 3741 qui
823 3687 883 3720 roe.
907 3666 1014 3739 quidam
1035 3679 1112 3736 urget

73 3751 146 3824 placet
152 3757 305 3827 conjectura
313 3752 420 3806 Mulieri
430 3770 476 3802 nec
485 3768 560 3823 quos,
606 3764 700 3804 contra
710 3752 873 3814 Ernestium,
883 3748 981 3820 regulis
992 3765 1113 3800 nonnun·
1138 3771 1141 3776 ·

74 3829 562 3899 dmou0s‚utraieraturadcieu·
607 3828 1112 3905 quamdiiigenuusmhaerentemquum

75 3910 142 3968 dium
156 3915 304 3968 Confinuat
321 3931 380 3966 eam
400 3912 479 3964 lectio
494 3907 561 3962 God.
606 3913 645 3964 rei
656 3923 764 3964 natura.

77 3995 128 4046 net
136 3999 201 4049 inter
212 4013 291 4068 quos.
302 4018 314 4043 ι
449 4039 452 4047 ,
641 3991 667 4059 4.
685 3991 716 4044 Si
726 4008 804 4064 quem
819 3987 916 4058 odium,
928 3998 990 4041 etse
1002 3985 1111 4039 liberum

102 4088 123 4123 2.
138 4074 176 4125 De
190 4075 320 4145 Quartum
333 4070 448 4144 quodam
466 4069 560 4122 euodi-
605 4088 664 4124 este.
675 4066 865 4122 Confundehat
879 4086 929 4139 pro
942 4066 1068 4119 tribunali
1079 4065 1112 4118 li·

73 4147 136 4215 dae,-
145 4152 198 4206 seii.
212 4167 332 4226 praetura
341 4151 383 4204 vei
393 4149 460 4203 aliua
470 4167 561 4202 mune·
604 4149 734 4204 bertutem
744 4149 859 4202 hominis
872 4148 982 4220 privati,
994 4146 1111 4198 tribuan-

73 4231 113 4298 tis,
122 4245 225 4288 utreota
236 4229 387 4286 detendunt
395 4227 519 4285 Oudeud.
533 4243 560 4282 et
605 4228 633 4282 di
644 4228 684 4282 vei
694 4226 811 4302 negandi
821 4224 938 4299 aliquid,
951 4244 1012 4278 oum
1022 4224 1110 4296 digui-
