3076 5146
390 557 457 642 460
690 553 801 617 auti
825 551 982 618 rsusu
1004 554 1127 617 virt.
1235 524 1240 534 '

389 685 489 778 [quin
508 680 589 748 «illa
602 703 676 748 esse
692 703 770 746 vera
789 695 944 779 poemata
955 709 968 738 u
989 677 1158 768 disereti}
1180 682 1258 748 Sero
1278 684 1429 773 cognovit

391 810 424 861 et
438 796 616 874 Senecam,
636 790 694 858 sed
710 813 780 858 non
797 806 836 856 ut
847 806 1023 880 caperetur
1037 786 1110 881 ejus
1121 790 1266 879 ingenio.
1282 796 1373 860 Usus
1384 809 1429 859 est

390 904 481 996 apud
493 908 680 970 Cornutum
695 899 843 968 duorum
857 903 1013 967 convictu
1025 898 1296 968 doctissimorum
1314 917 1347 967 et
1360 926 1429 970 sau·

392 1015 616 1080 ctissimorum
645 1013 814 1094 virorum,
847 1011 967 1077 acriter
996 1026 1069 1076 tum
1101 1008 1427 1104 philosophantium,

391 1119 520 1190 Claudii
547 1119 777 1213 Agatbemeri,
801 1118 922 1186 medici
947 1116 1205 1203 Lacedaemonii,
1232 1138 1266 1187 et
1291 1123 1427 1188 Petronii

394 1235 619 1314 Aristocratis,
638 1232 819 1323 Magnetis,
838 1253 925 1323 quos
942 1233 1039 1298 unice
1058 1233 1198 1298 miratus
1215 1247 1317 1298 estet
1334 1255 1427 1299 aemu-

392 1342 494 1424 latus,
518 1365 624 1437 quum
645 1340 790 1435 aequales
812 1357 941 1422 essent,
961 1357 995 1406 et
1012 1345 1161 1408 Cornuto
1178 1343 1338 1408 minores.
1359 1346 1427 1434 lpse

393 1455 492 1520 etiam
507 1449 623 1519 decem
640 1451 710 1517 fere
725 1452 823 1516 annis
839 1473 971 1516 summe
985 1448 1126 1517 dilectus
1145 1475 1165 1516 a
1179 1457 1269 1518 Paeto
1285 1450 1427 1518 Thrasea
1448 1471 1451 1476 ·

394 1579 459 1643 est,
475 1566 520 1630 ita
536 1579 574 1629 ut
587 1564 854 1654 peregrinaretur
869 1583 1004 1656 quoque
1016 1584 1092 1627 cum
1110 1585 1149 1628 eo
1164 1561 1365 1656 aliquando,
1380 1585 1427 1629 co

394 1689 529 1767 gnatam
541 1672 613 1766 ejus
629 1655 756 1740 Arriam
772 1695 910 1740 uxorem
926 1671 1077 1740 habente.
1096 1675 1172 1740 Fuit
1188 1698 1323 1740 morum
1335 1673 1427 1740 lenis-

394 1785 571 1864 simorum,
586 1781 795 1850 verecundiae
807 1781 992 1873 virginalis,
1010 1783 1126 1850 formae
1141 1781 1311 1874 pulchrae,
1330 1785 1427 1875 pieta·

393 1896 436 1961 tis
449 1918 528 1986 erga
541 1911 681 1960 matrem
696 1910 730 1960 et
743 1916 893 1960 sororem
907 1909 940 1959 et
950 1894 1086 1958 amitam
1098 1890 1251 1986 exemplo
1265 1893 1426 1960 sufficien-

329 1988 332 2000 ⁴
393 2006 447 2072 tis.
467 2008 542 2072 Fuit
560 2004 647 2096 frugi
664 2019 698 2070 et
711 2002 864 2095 pudicus.
882 2000 1029 2096 Reliquit
1042 2004 1129 2070 circa
1143 2005 1204 2070 HS.
1220 2005 1322 2071 vicies
1336 2004 1426 2069 matri

395 2131 429 2183 et
446 2118 573 2184 sorori:
597 2118 727 2207 scriptis
748 2133 861 2182 tamen
880 2113 924 2181 ad
944 2131 1087 2182 matrem
1106 2113 1284 2198 codicillis,
1307 2117 1426 2207 rogarit

395 2252 484 2310 eam,
504 2245 542 2295 ut
554 2225 650 2296 daret
662 2231 810 2295 Cornuto
824 2230 994 2308 sestertia,
1009 2243 1047 2294 ut
1059 2226 1195 2320 quidam
1209 2226 1341 2306 dicunt,
1355 2249 1425 2293 cen·

395 2353 485 2422 tum;
500 2354 539 2405 ut
552 2337 607 2404 alii
621 2337 753 2421 volunt,
771 2341 899 2431 argenti
912 2338 990 2404 facti
1004 2336 1117 2429 pondo
1133 2339 1265 2430 viginti,
1284 2355 1317 2405 et
1331 2335 1425 2403 libros

394 2450 481 2522 circa
492 2451 736 2540 septingentos,
750 2453 819 2517 sive
831 2446 1065 2515 bibliothecam
1079 2470 1176 2516 suam
1191 2470 1337 2514 omnem.
1352 2449 1425 2535 [Ve-

394 2582 471 2625 rum
479 2561 662 2640 Cornutus,
674 2558 813 2626 sublatis
822 2557 932 2642 libris,
945 2560 1121 2651 pecuniam
1131 2557 1319 2639 sororibus,
1332 2579 1425 2650 quam

393 2665 495 2734 frater
511 2665 650 2734 heredes
666 2667 810 2750 fecerat,
829 2667 1010 2762 reliquit⁵].
1029 2673 1072 2734 Et
1084 2691 1176 2750 raro,
1195 2685 1229 2734 et
1244 2665 1338 2734 tarde
1354 2667 1425 2733 scri-

393 2778 470 2866 psit.
493 2781 592 2844 Hrmc
613 2778 725 2867 ipsum
744 2776 870 2843 librum
888 2775 1122 2868 imperfectum
1141 2774 1287 2870 reliquit.
1310 2780 1424 2842 Versus

394 2887 497 2980 aliqui
511 2886 612 2954 demti
624 2903 705 2954 sunt
716 2886 837 2955 ultimo
847 2886 941 2956 libri:
957 2903 992 2954 et
1002 2890 1098 2982 quasi
1112 2886 1226 2953 finitus
1239 2901 1339 2967 esset,
1352 2885 1425 2953 levi-

395 3015 445 3066 ter
459 3000 651 3068 retractavit
663 3000 867 3081 Cornutusss,
882 3016 916 3068 et
926 3003 1030 3070 Caesio
1045 3005 1145 3068 Basso
1155 3001 1297 3090 petenti,
1313 3014 1351 3066 ut
1361 3001 1425 3090 ipse

394 3107 527 3192 ederet,
548 3107 687 3176 tradidit
708 3108 886 3178 edendum.
912 3111 1095 3202 Scripserat
1115 3110 1216 3176 etiam
1236 3110 1273 3176 in
1293 3107 1425 3200 pueritia

400 3217 538 3288 Flaccus
573 3222 760 3286 Pretextum
790 3223 935 3310 [Vescio
952 3232 964 3272 ⁷
981 3223 1016 3310 ],
1047 3236 1081 3288 et
1108 3214 1281 3310 ὁδοιπομκῶν
1312 3217 1424 3286 librum

395 3354 519 3413 unum,
537 3346 571 3397 et
586 3355 711 3422 paucos
727 3335 824 3400 uxori
837 3331 995 3402 Thraseae
1007 3335 1042 3398 in
1058 3333 1189 3398 Arriam
1206 3345 1348 3396 matrem
1361 3351 1423 3396 var-

395 3463 468 3522 sus,
486 3465 562 3534 quae
578 3466 614 3509 se
627 3458 706 3509 ante
717 3442 1021 3510 virumocciderat.
1037 3445 1159 3510 Omnia
1174 3433 1289 3507 autem
1305 3463 1344 3508 ea
1355 3445 1425 3507 Cor·

396 3567 497 3620 nutus
511 3567 628 3620 auctor
643 3553 707 3620 suit
723 3556 822 3621 matri
835 3551 923 3646 ejus,
941 3553 1146 3621 utaboleret‘.
1162 3551 1300 3620 Editum
1311 3551 1424 3618 librum

396 3665 554 3731 continuo
563 3666 677 3731 mirari
689 3664 859 3748 homines,
871 3682 905 3734 et
914 3665 1078 3758 diripere⁸
1091 3679 1276 3757 coeperunt.
1286 3663 1426 3731 Decessit

431 3850 456 3916 4.
477 3849 584 3920 Quin...
599 3851 700 3902 diceret.
716 3853 818 3905 Desunt
834 3851 891 3904 baec
936 3863 1021 3903 nutus.
1036 3850 1137 3922 Vulgo,
1153 3861 1228 3903 «et...
1242 3849 1334 3902 leviter
1346 3849 1425 3900 aeciu-

396 3928 422 3977 in
436 3927 507 3980 MSS.
519 3941 597 4000 atque
610 3941 670 3980 sunt
682 3929 781 4000 inepta.
935 3932 972 3982 vit
988 3933 1108 3984 Cornuto.
1119 3953 1129 3976 ι
1144 3927 1211 3980 Vide
1223 3926 1392 3998 Oudendorp.
1404 3935 1426 3976 et

432 4007 456 4061 ⁵.
478 4006 573 4062 Verum
589 4011 764 4062 domoon...
779 4009 890 4082 reliquit.
936 4009 1021 4063 Wolf,
1088 4031 1093 4042 ·

396 4089 431 4138 Ut
440 4091 555 4158 spurium
566 4091 641 4142 uncis
652 4088 758 4142 inclusit
768 4088 838 4142 banc
846 4107 893 4162 po·
972 4105 996 4159 7.
1019 4088 1114 4142 Vescia.
1127 4087 1280 4158 Suspectam
1292 4102 1381 4136 vocem
1391 4085 1427 4134 in·

397 4165 500 4217 tiodnm
514 4166 687 4240 Oudendorp,
937 4164 1062 4219 clusimus
1074 4165 1149 4218 uncis
1161 4183 1222 4216 cnm
1236 4161 1347 4214 Wolfio.

432 4243 892 4301 6.Er....1evuerreaacravncor·
972 4247 998 4298 8.
1022 4246 1130 4298 Editum
1151 4241 1244 4298 lunam
1248 4281 1295 4295 .....
1316 4243 1425 4312 diripere·
1516 4303 1518 4308 ¹
