3054 5152
466 574 723 640 canonius
1062 577 1124 667 139

80 701 262 793 Qrosdam,
279 705 314 769 in
327 702 463 796 publico
478 724 601 794 parum
613 701 810 793 tempestive
825 697 1007 783 adeuntes,
1022 725 1126 770 manu

82 840 134 884 sua
145 813 280 907 repulit.
301 816 386 903 Item
400 811 545 880 scribam
560 813 796 907 quaestorium,
816 813 963 906 itemque
977 829 1126 904 praetura

80 925 223 994 fiinctum
233 921 624 1004 Senatorem,inauditos
635 939 669 988 et
679 923 834 989 innoxios
844 920 1020 1014 relegavit:
1032 922 1124 1016 quod

80 1036 130 1104 ille
141 1037 304 1105 adversus
323 1038 490 1128 privatum
506 1057 542 1102 se
560 1019 839 1126 intemperantius
858 1030 1037 1100 adfirisset⁵
1048 1059 1056 1116 3
1069 1033 1125 1102 hic

81 1144 277 1213 inaedilitate
293 1142 476 1240 inquilinos
491 1141 698 1235 praediorum
716 1139 892 1224 suorumfi,
913 1159 1030 1210 contra
1044 1147 1125 1212 veti·

80 1267 159 1324 tum⁷
181 1273 279 1323 cocta
299 1253 500 1338 vendentes,
523 1254 717 1336 multasset,
742 1252 958 1348 villicumque
983 1257 1125 1324 interve·

79 1369 216 1435 aientem
238 1366 454 1460 flagellasset.
478 1370 552 1452 Qua
574 1362 617 1431 de
640 1389 741 1432 causa
764 1368 864 1433 etiam
887 1369 1123 1434 coercitionem

79 1481 272 1572 popinarum
302 1476 463 1546 AEdilibus
486 1478 623 1547 ademit.
646 1484 693 1546 Ac
718 1502 762 1545 ne
788 1477 962 1546 stultitiam
980 1477 1122 1573 'quidem

80 1615 163 1659 suam
174 1594 327 1674 reticuit,
342 1591 601 1686 simulatamque
615 1616 635 1658 a
648 1615 683 1658 se
698 1615 740 1658 ex
754 1589 935 1660 industria8
947 1592 1010 1659 sub
1025 1595 1120 1675 Caio,

79 1702 162 1797 quod
177 1703 278 1772 aliter
295 1728 457 1773 evasurus
475 1721 768 1799 perventurusque
786 1703 830 1773 ad
849 1721 1039 1798 susceptam
1058 1721 1121 1772 sta-

80 1815 213 1882 tionem9
226 1838 298 1882 non
312 1815 427 1896 luerit,
447 1813 648 1910 quibusdam
667 1813 884 1883 oratiunculis
903 1821 1042 1882 testatus
1056 1831 1117 1884 est.

81 1927 138 1992 Nec
154 1941 269 1993 tamen
289 1929 474 2020 persuasit,
496 1935 635 2022 quum¹⁰
655 1928 744 1995 intra
764 1927 867 1994 breve
885 1943 1018 2019 tempus
1034 1925 1119 1993 liber

10 2201 11 2206 ,
81 2144 138 2198 Viris
161 2147 306 2201 Burmann.
333 2161 359 2202 et
391 2149 570 2222 Oudendorp.
617 2151 1119 2221 nuo‘coercuitVespmianus,auctore

10 2221 11 2248 ³
110 2225 131 2278 5.
148 2227 328 2281 Adversus...
344 2247 420 2282 se...
431 2229 572 2300 adfuisset,-
616 2227 717 2299 Xiphil.
729 2228 825 2294 var,
839 2245 878 2281 ro.

82 2321 175 2357 cauum
185 2307 222 2358 ita
232 2309 343 2378 egisset,
352 2321 382 2361 ut
392 2311 418 2360 iu
428 2306 571 2378 Claudium
652 2310 677 2361 8.
696 2307 906 2380 Simulatamque
918 2329 935 2360 a
950 2326 976 2360 se
991 2326 1024 2359 ex
1039 2308 1118 2360 inclu-

82 2383 187 2452 qudam
202 2384 387 2438 vehementius
400 2400 426 2438 et
438 2400 572 2441 contume·
614 2389 686 2440 stria.
700 2387 742 2440 Cf.
754 2389 821 2455 Dio,
834 2389 907 2454 LIX,
920 2387 970 2448 23,
983 2402 1009 2440 et
1019 2389 1082 2455 LX,
1093 2405 1117 2440 a.
1148 2379 1153 2386 ¹

81 2460 160 2514 liosius
175 2461 283 2516 diceret.
615 2465 720 2520 Scilicet
734 2469 823 2538 magni
839 2468 913 2520 Bruti
926 2465 1076 2538 exemplum
1090 2485 1119 2519 se

109 2539 132 2592 6.
149 2540 314 2594 Proediontm
330 2561 443 2596 morum.
455 2545 571 2613 Nescio,
615 2548 1119 2616 imitatumferebatstultushomo,tan·

81 2621 572 2700 carmbanatantumintelligant,quum
615 2642 672 2681 tum
681 2629 800 2683 diversus
811 2629 915 2696 abillo,
927 2641 1058 2702 quantum
1066 2633 1118 2681 lm·

82 2717 108 2751 er
122 2702 222 2753 metiris
242 2705 321 2754 etiam
340 2708 451 2775 opsonia
466 2705 571 2758 venalia
615 2707 1118 2781 peratorumtemporaaorudalloma-

82 2779 164 2831 afferre
173 2782 323 2851 potuissent
333 2783 468 2855 inquilini,
480 2803 570 2855 quam·
615 2804 711 2838 noram
724 2787 854 2840 libertate.

81 2878 149 2930 quan
165 2860 210 2912 illa
223 2876 254 2913 ut
269 2864 398 2934 propiora
415 2866 499 2934 magis
517 2863 571 2918 huc
650 2884 676 2936 9.
694 2866 738 2918 Ad
747 2877 889 2939 staceptam
900 2867 1054 2929 stationem
1065 2866 1118 2919 hoc

9 2941 10 2944 ’
80 2939 208 3006 pertinent.
218 2940 356 3006 Ceterum,
368 2941 421 2993 huc
430 2942 505 2995 nullo
516 2962 571 2995 mo·
614 2957 665 3012 est,
676 2948 815 3017 imperium
822 2950 878 3018 jam
886 2960 1052 3018 susceptum,
1064 2965 1116 3019 quo

81 3015 109 3067 do
119 3019 255 3071 referenda
267 3019 362 3072 divisio
374 3022 532 3091 praediorum
541 3025 569 3076 in
613 3035 734 3094 tempore
746 3027 895 3076 orationem
907 3023 1033 3077 habebat.

82 3096 168 3150 urbana
182 3113 208 3151 et
226 3101 341 3165 rustica,
359 3119 439 3171 quam
454 3119 486 3152 ex
502 3121 569 3170 usu,
654 3119 694 3154 ro.
705 3105 761 3156 Nec
770 3114 857 3156 tamen
867 3105 993 3176 persuasit
999 3125 1008 3165 ;
1020 3122 1101 3176 quum
1107 3144 1116 3172 ,

81 3174 115 3226 vel
124 3176 266 3247 voluptati,
277 3176 318 3230 vel
328 3181 479 3231 necessitati
487 3181 569 3234 inser·
614 3194 665 3234 etc.
679 3183 717 3233 lta
728 3183 819 3234 locum
830 3183 945 3234 restituit
956 3184 1115 3236 Gronovius.

81 3257 162 3322 viente,
170 3259 274 3310 faciunt
277 3261 469 3329 jurisconsulti,
478 3261 569 3334 deque
614 3259 735 3332 Plerique
752 3259 814 3313 libri
835 3272 862 3312 et
879 3258 938 3312 edd.
960 3262 1038 3312 «Nec
1055 3271 1118 3313 ante

81 3333 130 3388 vide
140 3338 261 3391 ileinecc.
272 3340 334 3390 Ant.
347 3340 422 3392 Rom.
436 3343 472 3407 ll,
484 3343 514 3408 3,
528 3359 550 3394 1.
613 3344 760 3413 persuasit,
775 3361 871 3415 quam,
889 3337 961 3394 eto·
979 3343 1117 3395 Memmia·

111 3433 131 3485 7.
150 3419 243 3470 Contra
263 3420 384 3480 vetitum
404 3419 462 3471 scil.
481 3419 568 3473 edicto
613 3439 681 3487 nus,
699 3422 776 3472 uNec
793 3433 881 3473 tamen
895 3430 957 3472 ante
970 3422 1116 3491 persuasit,

82 3495 196 3550 fflssicio.
209 3499 251 3550 Cf.
263 3497 351 3549 Tiber.
366 3498 409 3567 34.
426 3499 477 3551 Sed
489 3501 569 3553 Clau·
597 3503 600 3513 '
614 3517 705 3569 quum.
716 3521 727 3545 s
740 3501 870 3550 Nimirum
883 3512 1010 3569 corrupto
1019 3517 1115 3570 quum,

82 3573 130 3628 dius
140 3579 194 3650 ipse
204 3577 294 3630 edicto
305 3578 425 3630 ciborum
436 3579 568 3634 luxuriam
613 3591 643 3629 ut
657 3580 815 3649 saepissime,
828 3580 856 3630 in
867 3595 946 3652 quam
953 3616 962 3643 ,
977 3580 1005 3629 in
1019 3595 1117 3648 prece-

82 3653 239 3726 coltibuerat,
249 3671 359 3710 auctore
369 3660 467 3725 Dione,
477 3661 532 3726 LX,
542 3660 567 3713 6.
614 3656 738 3710 dentibus
754 3667 815 3710 aitte
829 3659 1005 3710 necessarium
1019 3657 1117 3708 duxere

82 3733 161 3787 Postea
171 3737 233 3790 sub
252 3739 358 3790 Nerone
381 3738 568 3808 interdictum,
612 3735 726 3802 librarii,
739 3751 819 3809 atque
828 3740 865 3789 ita
874 3739 952 3808 periit
963 3747 1059 3788 tumen.
1070 3736 1117 3788 Ce-

84 3817 201 3888 ¹¹nequid
218 3819 245 3869 in
265 3821 372 3890 popinis
389 3821 458 3871 cocti
475 3833 569 3891 prater
613 3828 713 3883 terum,
729 3816 823 3870 falsam
838 3836 895 3871 esse
909 3816 1117 3907 vulparemsori-

82 3893 199 3966 legamina
212 3911 259 3949 aut
274 3897 347 3951 olera
358 3901 472 3966 veniret,
485 3919 567 3972 quum
612 3913 734 3971 pturam,
748 3899 826 3952 docet
840 3901 919 3950 etiam
933 3915 1046 3970 sequens
1060 3896 1117 3948 edi-

83 3987 145 4028 aatea
163 3977 267 4028 nullum
285 3995 340 4028 non
359 3979 466 4049 opsonii
483 3997 566 4050 genus
613 3989 652 4030 tus
664 3977 704 4032 sit.
717 3979 743 4032 si
757 3977 1028 4050 precederetquam,
1041 3977 1116 4046 sequi

80 4069 291 4126 proponeretur,=
302 4058 342 4108 uti
351 4057 459 4125 Noster,
468 4059 566 4110 Neron.
612 4054 721 4109 deberet
739 4057 824 4110 editus
841 4068 917 4121 esset,
934 4055 975 4106 vel
992 4055 1114 4106 ederetur.

81 4149 129 4203 cip.
160 4135 204 4204 16,
226 4134 300 4187 unde
317 4148 407 4206 patet,
431 4136 567 4207 prioribus
611 4138 776 4209 Nuncquum
785 4137 922 4208 scriptoris
931 4147 1115 4204 argumentum

80 4211 158 4267 edicas
169 4213 242 4267 haud
258 4216 336 4268 nimis
355 4215 567 4288 obtemperatum
611 4215 704 4283 infert,
717 4233 786 4287 quo,
799 4234 853 4267 non
865 4209 1116 4286 persuasisseGlau-

80 4289 148 4345 fatue
161 4295 189 4345 in
201 4293 275 4347 Urbe
288 4293 396 4346 luxuriae
408 4293 497 4364 plena.
517 4297 567 4348 De·
612 4295 699 4361 dium,
712 4294 837 4349 lectorem
850 4294 969 4346 edoceat.
