3076 5146
393 515 459 598 448
694 518 727 580 Ρ.
753 517 992 581 TERENTII
1017 519 1144 592 VITA..

344 661 347 680 ¹
392 645 594 735 exprimeret
612 643 649 707 in
667 642 816 734 scriptis,
832 663 988 732 egressus
1006 641 1135 710 Urbem
1154 662 1223 728 est,
1242 670 1350 742 neque
1366 674 1421 716 am·

390 754 481 848 plius
493 753 601 822 rediit.
615 756 665 820 De
676 767 784 820 morte
796 747 870 844 ejus
881 751 1053 821 Volcatius
1064 753 1182 823 tradit:

470 925 527 985 Sed
539 937 574 984 ut
586 922 657 985 Afer
668 943 718 984 sex
729 922 846 1005 populo
857 922 957 984 edidit
967 924 1148 1002 comoedias,

471 1025 532 1084 lter
542 1021 616 1083 hinc
629 1023 662 1081 iu
674 1023 778 1082 Asiam
790 1018 872 1081 fecit.
884 1021 997 1081 Navim
1009 1042 1108 1102 quum
1119 1025 1213 1085 semel

472 1117 767 1193 Conscendit,·visus
781 1137 944 1198 nunquam
958 1130 1012 1180 est.
1027 1121 1075 1180 Sic
1086 1121 1149 1180 vita
1161 1136 1259 1182 vacat.

437 1311 477 1370 V.
502 1307 543 1388 Q.
560 1301 743 1368 Cosconius
762 1295 960 1367 redeuntem
977 1324 996 1367 e
1012 1304 1142 1369 Graecia
1159 1306 1288 1396 perisse
1306 1307 1341 1371 in
1356 1307 1425 1372 mari
1508 1305 1510 1356 i

391 1418 471 1486 dicit
483 1439 563 1482 cum
575 1427 713 1482 centum
727 1429 761 1480 et
774 1428 849 1479 octo
862 1410 1000 1495 fabulis,
1017 1417 1188 1482 conversis
1204 1439 1223 1482 e
1239 1416 1424 1486 Menandro.

389 1531 517 1609 Ceteri,
537 1542 709 1620 mortuum
726 1547 800 1591 esse
816 1527 851 1591 in
867 1522 1017 1593 Arcadiae
1034 1526 1251 1620 Stymphalo‚
1266 1531 1337 1597 sive
1353 1536 1427 1598 Leu-

391 1640 505 1722 cedia,
530 1635 685 1724 tradunt,
705 1639 766 1702 Cn.
791 1635 946 1704 Cornelio
967 1635 1159 1722 Dolabella,
1181 1644 1299 1709 Marco
1322 1641 1426 1709 Fulvio

391 1749 579 1831 Nobiliore,
593 1745 813 1829 Consulibus,
827 1745 946 1814 morbo
959 1745 1160 1839 implicitum
1173 1752 1259 1832 acri,
1274 1749 1386 1819 dolore
1394 1777 1427 1819 ac
1511 1790 1512 1800 2

390 1860 491 1932 taedio
508 1863 708 1928 amissarum
724 1859 947 1940 sarcinarum,
968 1857 1103 1952 quasin
1122 1863 1198 1927 navi
1214 1863 1424 1952 praemiserat,

387 1997 430 2042 ac
450 1969 551 2039 simul
571 1967 779 2050 fabularum,
801 1990 886 2062 quas
905 1990 1010 2034 novas
1028 1966 1162 2036 fecerat.
1183 1973 1300 2037 Fuisse
1317 1967 1425 2038 dicitur

390 2083 550 2152 mediocri
570 2095 712 2164 statura,
730 2079 845 2171 gracili
861 2101 1020 2172 corpore,
1039 2079 1152 2148 colore
1170 2081 1276 2149 flisco.
1295 2081 1423 2177 Reliquit

389 2193 510 2276 filiam,
532 2215 608 2287 quae
628 2206 707 2284 post
729 2192 832 2284 equiti
857 2195 1008 2258 Romano
1029 2195 1159 2285 nupsit:
1182 2195 1264 2259 item
1287 2191 1422 2260 bormlos
1511 2269 1512 2272 Ἴ

372 2342 375 2351 ·
389 2306 506 2398 viginti
515 2300 675 2396 jugerum
689 2303 723 2367 iu
735 2302 788 2368 via
800 2302 908 2392 Appia
921 2299 964 2368 ad
977 2303 1094 2369 Martis
1106 2301 1231 2370 villam.
1245 2307 1320 2389 Quo
1331 2304 1422 2393 magis

390 2419 510 2494 miror,
524 2414 679 2480 Porcium
692 2409 855 2492 scribere,

715 2600 1002 2618 ...............
1009 2555 1090 2617 nihil
1101 2557 1231 2619 Publius

389 2657 489 2741 Scipio
502 2656 640 2740 profuit,
650 2654 730 2715 nihil
745 2657 773 2715 ei
788 2654 915 2731 Laelius,
930 2653 1009 2715 nihil
1024 2657 1150 2716 Furius:

388 2758 461 2816 Tres
477 2776 532 2838 per
547 2754 629 2813 idem
645 2765 766 2835 tempus
781 2753 834 2834 qui
849 2753 1008 2834 agitabant
1022 2753 1144 2814 nobiles
1159 2753 1329 2831 facillume,

389 2854 508 2912 Eorum
523 2849 576 2911 ille
590 2870 684 2931 opera
700 2870 738 2909 ne
752 2849 882 2912 domum
898 2849 1024 2931 quidem
1040 2848 1151 2911 habuit
1165 2851 1395 2925 conducticiam,

390 2947 503 3009 Saltem
517 2959 553 3006 ut
566 2959 659 3020 esset,
672 2966 736 3027 quo
749 2944 877 3005 referret
891 2945 1013 3006 obitum
1027 2945 1149 3007 domini
1163 2946 1310 3008 servulus.

389 3113 488 3175 Hunc
498 3105 653 3175 Afranius
660 3105 798 3200 quidem
807 3105 964 3174 omuibus
973 3106 1115 3174 Comicis
1124 3106 1277 3198 praefert,
1288 3103 1419 3172 scribens

380 3222 423 3286 ·iu
437 3215 697 3309 Compitalibus:

507 3385 650 3446 Terentio
665 3405 732 3445 non
747 3383 880 3444 similem
893 3381 975 3443 dices
989 3385 1179 3468 quempiam.

387 3525 559 3594 Volcatius
576 3540 689 3591 autem
704 3547 775 3591 non
793 3522 903 3590 solum
921 3525 1035 3591 Naevio
1054 3539 1088 3590 et
1104 3521 1223 3591 Plauto
1241 3540 1277 3590 et
1288 3519 1422 3600 Caecifio,

388 3634 449 3704 sed
462 3637 590 3703 Licinio
605 3657 740 3730 quoque
753 3649 786 3699 et
799 3631 911 3700 Attilio
924 3635 1107 3726 postponit.
1123 3635 1238 3701 Cicero
1250 3636 1285 3702 iu
1298 3636 1424 3700 Limone

388 3745 550 3815 hactenus
563 3745 694 3813 laudat:

427 3916 474 3973 Tu
487 3933 626 3996 quoque,
641 3913 695 3992 qui
707 3909 791 3971 solus
805 3908 883 3969 lecto
897 3882 1061 3986 sermone,
1067 3913 1203 3987 Terenti,

428 4013 619 4072 Conversum
633 4029 870 4092 expressumque
882 4009 992 4068 Latina
1007 4029 1081 4069 voce
1096 4009 1304 4070 Menandrum

429 4109 463 4169 ln
479 4108 582 4169 medio
597 4107 706 4190 populi
723 4107 830 4168 sedatis
846 4107 973 4167 vocibus
989 4101 1092 4185 elfere,

429 4206 582 4289 Quicquid
598 4227 686 4267 corne
703 4206 849 4286 loquens,
867 4217 958 4287 atque
973 4206 1080 4266 omnia
1094 4205 1197 4267 dulcia
1210 4205 1320 4268 dicens.
