3054 5152
417 547 476 614 ,ῳ
783 527 818 589 c.
845 523 1079 591 suurouu

410 656 587 744 octingena
600 673 779 718 nummum
796 650 901 718 millia
918 649 1039 719 diurna
1052 650 1236 744 erogarat,
1253 653 1444 750 abeuntique
1525 689 1526 698 2

410 789 512 859 super
531 763 722 832 sestertium
738 762 858 830 millies
874 763 1028 832 contulit.
1055 766 1287 834 Menecraten⁵
1309 765 1445 833 citharoe
1525 787 1526 812 ³

413 875 549 944 dumet
574 873 746 967 Spiculum
770 875 1009 943 mirmillonem
1032 875 1287 969 triumphalium
1307 880 1445 944 virorum
1524 861 1526 884 ἱ

409 986 619 1078 patrimoniis
642 982 838 1078 aedihusque
855 981 1000 1051 donavit.
1025 985 1301 1077 cercopithecum
1317 989 1445 1052 Panero

409 1115 493 1182 tem,
511 1091 770 1174 feneratorem⁶‚
792 1111 826 1160 et
842 1085 981 1161 urbanis
997 1097 1197 1188 rusticisque
1214 1093 1349 1187 praediis
1364 1095 1445 1164 locu·
1525 1081 1526 1086 ἵ

409 1205 591 1301 pletatum‚
608 1228 713 1296 prope
726 1207 817 1296 regio
832 1204 952 1272 extulit
964 1204 1095 1272 funere.
1109 1204 1246 1273 Nullam
1262 1222 1387 1274 vestem
1400 1205 1444 1274 bis

408 1315 528 1386 induit
546 1314 813 1407 Quadringenis⁷
832 1317 868 1381 in
884 1333 1049 1408 punctum
1065 1319 1224 1384 sestertiis
1241 1316 1350 1384 aleam
1363 1316 1443 1384 lusit.

408 1432 557 1498 Piscatus
586 1443 637 1496 est
658 1443 729 1494 rete
753 1443 870 1495 aurato
887 1425 924 1510 ⁸,
947 1453 1099 1522 purpura
1123 1453 1292 1524 coccoque
1319 1429 1445 1497 funibus

409 1544 514 1610 nexis.
537 1545 718 1634 Nunquam
735 1541 846 1607 minus
864 1538 956 1608 mille
979 1544 1127 1608 carrucis
1137 1535 1157 1594 θ’
1168 1541 1288 1610 fecisse
1308 1544 1369 1610 iter
1385 1557 1444 1608 tra-
1525 1623 1526 1628 ἵ

408 1786 472 1840 pra,
483 1786 541 1838 cap.
554 1766 598 1829 133
610 1763 710 1836 Xiphil.
722 1765 818 1831 LXIII,
830 1765 907 1838 a-Q.
954 1767 1036 1832 scias,
1050 1765 1122 1818 unde
1134 1765 1187 1818 huc
1204 1769 1307 1832 veniat,
1318 1777 1343 1818 et
1358 1763 1446 1835 copula

445 1848 470 1914 4.
487 1848 631 1918 Octiuqeuc
642 1862 780 1895 nummum
790 1842 908 1896 millia...
954 1854 979 1894 et
998 1841 1098 1910 habet,
1121 1861 1174 1914 quo
1191 1845 1333 1914 pertineat.
1354 1845 1445 1912 Nempe

395 1916 532 1997 ¹erepuerit.
548 1925 588 1976 cf.
607 1921 707 1994 Xiphil.
726 1923 910 1988 LX111‚2.-
954 1936 1084 1992 uterque,
1103 1921 1311 1993 cercopithecus
1331 1934 1356 1973 et
1373 1923 1447 1972 Pane·

408 2004 490 2075 Super
508 2004 647 2057 sestertium
670 2000 767 2054 millies
789 2001 908 2054 contulit.
954 2019 1012 2067 ros,
1024 1999 1111 2053 liberti
1122 2013 1212 2069 erant,
1224 2000 1333 2052 diversis
1343 1999 1445 2062 artibus,

341 2131 348 2150 ‚
408 2081 507 2155 Xiphil.
522 2083 616 2146 LXIII,
629 2082 659 2149 6,
672 2081 742 2133 dona
754 2097 908 2147 πιπιιισχι-
952 2079 1178 2144 faventeNerone,
1185 2076 1353 2150 locupletati,
1361 2089 1446 2148 etpost

408 2163 461 2216 aler
468 2160 586 2232 parapsides
597 2162 658 2230 ἔξω
666 2162 768 2215 dedisse
777 2164 826 2230 ait,
837 2161 908 2234 quod
952 2171 1066 2212 mortem
1078 2159 1149 2228 tegle
1161 2155 1234 2209 elati.

408 2243 523 2295 essetlu's
534 2239 844 2306 millies,utobservavit
853 2243 908 2308 jam
989 2255 1014 2306 7.
1038 2237 1234 2309 Quadrinpertis.
1257 2233 1376 2305 Intelligo
1392 2253 1445 2286 cum

408 2323 478 2392 Lips.
493 2319 511 2372 l.
527 2339 566 2383 c.,
584 2325 627 2372 cui
639 2321 729 2371 nescio
745 2337 791 2370 cur
805 2332 909 2370 contra·
952 2313 1078 2367 Oudend.
1092 2315 1224 2380 Sestertio,
1238 2331 1294 2364 non
1308 2315 1446 2376 Sestertios,

409 2397 481 2450 dicat
491 2396 665 2469 Oudendorp.
954 2397 1000 2466 qui
1022 2396 1099 2448 nimis
1123 2397 1244 2466 exiguam
1266 2413 1318 2465 pro
1342 2395 1446 2446 Neronis

445 2477 909 2548 5.Menecraten,etc.Xiphil.LXlll,
952 2478 1448 2548 profusioneeffieerentsummam.Sunt

413 2575 435 2608 r.
448 2559 525 2610 Hunc
537 2558 704 2609 Menecraten
714 2577 774 2610 ctam
784 2553 908 2611 Musor'rio
953 2566 1057 2620 tumen,
1074 2558 1120 2625 qui
1138 2555 1228 2625 legant
1243 2555 1411 2626 Quadriperris
1424 2570 1447 2606 et

409 2636 606 2708 colloquentem
624 2635 726 2688 inducit
740 2651 833 2689 auctor
851 2637 909 2689 dia·
955 2632 1275 2707 Qrtndrapem's,sollen1ni
1285 2651 1446 2686 numeroram

408 2715 477 2788 logi,
487 2717 532 2786 qui
543 2715 612 2769 Nero
622 2715 783 2781 inscribitur,
794 2717 909 2768 Pseudo·
953 2713 1155 2786 depravatione,
1172 2713 1198 2764 h.
1218 2713 1236 2765 l.
1252 2713 1389 2780 faciliore,
1404 2712 1447 2765 ubi

407 2794 548 2846 Luciacus.
558 2793 639 2844 -It't
649 2792 783 2864 Spiculum
798 2791 917 2861 mirmils
952 2785 1222 2864 summaemagnithdo
1228 2791 1384 2844 offendebat
1391 2809 1447 2863 pau·

409 2875 513 2937 Ionem5
529 2874 563 2926 de
577 2893 630 2946 quo
644 2873 775 2926 Plutarch.
788 2874 866 2926 Galb.
881 2876 906 2928 8.
951 2888 1027 2942 peres
1035 2870 1163 2922 librarios.
1171 2869 1448 2940 Ceterumconferpar·

408 2956 438 3007 In
453 2954 525 3006 libris
539 2955 658 3008 Suetonii
672 2971 769 3005 nomen
783 2956 853 3006 varie
871 2969 908 3006 est
952 2951 1219 3019 cimoniamAugusti,
1227 2952 1448 3019 c.71.Puuctnm;

408 3047 570 3104 corruptum.
951 3030 1051 3084 Gallice
1070 3031 1095 3082 Ie
1109 3047 1183 3103 coup.
1199 3033 1238 3082 Ita
1258 3049 1321 3096 nos,
1338 3053 1350 3076 ι
1361 3043 1446 3082 mettre

443 3114 468 3166 6.
482 3113 690 3184 cercopithecum
697 3111 909 3182 Panerotm,fe·
955 3125 1102 3182 «cprarauts
1117 3126 1152 3162 ou
1168 3113 1311 3182 cinquante
1325 3108 1392 3161 louis
1407 3127 1447 3162 sur

408 3205 565 3259 uerutorem,
579 3206 627 3245 etc.
640 3194 718 3263 Varie
729 3205 822 3262 urgent
829 3191 908 3261 fene-
955 3209 1029 3242 «une
1041 3203 1122 3241 carte.
1133 3214 1146 3238 ι
1170 3183 1171 3194 ’

409 3285 528 3324 retorem.
545 3275 669 3324 Torreat.
691 3271 800 3336 suadet,
822 3271 908 3322 scer·
988 3270 1013 3321 8.
1032 3269 1148 3322 Piscatus
1164 3279 1202 3322 est
1215 3279 1268 3320 rete
1280 3278 1388 3336 aurato,
1402 3279 1447 3319 etc.

409 3351 590 3420 copitltecum,
601 3352 736 3405 Panerott's
736 3351 907 3422 feneratoris,
952 3348 1029 3399 Oros.
1043 3349 1089 3398 Vll
1097 3385 1106 3412 ,
1119 3365 1144 3416 7,
1158 3347 1298 3399 «Luxuriae
1309 3362 1364 3399 tam
1377 3349 1449 3400 el'Ire·

408 3427 530 3496 urbanIs,
545 3445 616 3482 etos
633 3430 749 3482 Gronov.
766 3443 851 3499 pater,
863 3448 907 3480 ve·
952 3441 1021 3478 natae
1034 3428 1101 3491 fuit,
1116 3426 1260 3479 utretibus
1273 3430 1360 3480 aureis
1372 3430 1449 3497 pisca·

408 3518 541 3573 aratorem,
569 3507 637 3559 lilius
655 3508 846 3578 fimeratorem.
868 3505 907 3558 Illi
952 3520 1034 3568 retur,
1050 3525 1106 3578 qnae
1122 3509 1265 3578 purpureis
1283 3507 1391 3559 funibus
1406 3523 1449 3556 ex·

408 3585 511 3638 accedit
525 3589 642 3652 Ernest,
657 3605 736 3656 quem
751 3587 811 3654 jure
828 3587 907 3638 etiam
952 3585 1132 3638 trahebantur.
1145 3610 1155 3633 n
1171 3587 1212 3638 CI.
1227 3589 1337 3659 Eutrop.
1349 3588 1408 3651 Vll,
1421 3603 1449 3654 9,

409 3662 521 3714 offendit
532 3673 558 3713 et
569 3676 629 3715 ante
645 3663 753 3715 urbanis.
770 3663 836 3714 Cum
850 3662 908 3714 Ou-
953 3668 997 3738 qui
1019 3663 1125 3718 blatteas
1142 3667 1218 3717 funes
1240 3664 1318 3730 dicit,
1336 3663 1409 3736 quod
1425 3675 1449 3713 et

409 3740 538 3812 dendorp.
559 3743 693 3808 existimo,
711 3743 837 3794 excidisse
857 3740 907 3793 ali·
951 3746 1039 3814 ipsu'm
1055 3755 1095 3795 est
1109 3760 1262 3814 purpureos.
1275 3745 1327 3810 Qui
1341 3761 1396 3792 nou
1409 3759 1450 3792 ce·

409 3821 472 3894 qnid
483 3835 544 3891 post
554 3835 592 3890 et,
601 3821 642 3874 vel
652 3824 689 3874 ita
700 3821 813 3883 suadeo,
827 3823 907 3873 «Cer-
952 3836 1049 3893 perurit
1067 3821 1210 3874 ablativum
1226 3835 1291 3886 rete,
1311 3839 1390 3893 quem
1407 3819 1450 3871 de·

409 3899 577 3972 copithecum
586 3901 767 3972 feneratione,
786 3914 812 3952 et
826 3902 907 3950 Pane·
952 3902 1038 3953 fendit
1055 3899 1192 3966 Oudend,
1213 3903 1374 3973 scripserunt
1388 3901 1448 3960 reti,

408 3994 506 4047 rotem,
519 3981 624 4034 urbanis
638 3981 793 4049 rusticisque
805 3979 907 4049 praediis
951 3981 992 4032 vel
1006 3993 1083 4045 veste,
1100 3995 1129 4032 ut
1145 3982 1268 4048 Memm,
1285 3979 1355 4032 unde
1370 3981 1450 4048 conji-

409 4057 613 4131 locupletatum,
624 4072 673 4111 etc.
685 4082 696 4104 υ
709 4061 747 4110 lta
760 4073 908 4110 removetur
952 4062 988 4110 cit
1000 4059 1140 4112 Salmasius
1153 4072 1222 4118 reste.

409 4138 549 4190 difficultas
567 4141 594 4189 in
613 4137 712 4210 duplici
731 4140 836 4190 nomine
855 4137 908 4189 hae-
987 4155 1012 4206 9.
1029 4139 1172 4210 Nunquam
1185 4139 1273 4190 miuus
1282 4135 1356 4188 mille
1367 4153 1450 4188 carm-

383 4250 386 4259 .
410 4235 481 4281 rens,
492 4231 641 4268 removetur
650 4219 792 4281 fenerator,
804 4218 857 4285 qui,
866 4218 906 4266 rix
953 4217 1000 4282 eis,
1011 4229 1061 4267 ete.
1071 4216 1203 4286 Lamprid.
1211 4215 1322 4286 Elagab.
1331 4218 1374 4281 31,γ
1386 4219 1451 4266 «lm-
