<?xml version="1.0" encoding="UTF-8"?>
<!DOCTYPE html PUBLIC "-//W3C//DTD XHTML 1.0 Transitional//EN"
    "http://www.w3.org/TR/xhtml1/DTD/xhtml1-transitional.dtd">
<html xmlns="http://www.w3.org/1999/xhtml" xml:lang="en" lang="en">
 <head>
  <title>
</title>
<meta http-equiv="Content-Type" content="text/html;charset=utf-8" />
  <meta name='ocr-system' content='tesseract 3.04.00' />
  <meta name='ocr-capabilities' content='ocr_page ocr_carea ocr_par ocr_line ocrx_word'/>
</head>
<body>
  <div class='ocr_page' id='page_1' title='image "./csuetoniitranqu00suetgoog_0212.png"; bbox 0 0 3048 5142; ppageno 0'>
   <div class='ocr_carea' id='block_1_1' title="bbox 323 505 1423 2398">
    <p class='ocr_par' dir='ltr' id='par_1_1' title="bbox 323 505 1423 2398">
     <span class='ocr_line' id='line_1_1' title="bbox 376 505 1041 596; baseline -0.002 -26"><span class='ocrx_word' id='word_1_1' title='bbox 376 511 439 596; x_wconf 72' lang='lat'><strong>¹94</strong></span> <span class='ocrx_word' id='word_1_2' title='bbox 672 537 675 540; x_wconf 96' lang='lat'>·</span> <span class='ocrx_word' id='word_1_3' title='bbox 746 506 782 568; x_wconf 85' lang='lat' dir='ltr'><strong>G.</strong></span> <span class='ocrx_word' id='word_1_4' title='bbox 809 505 1041 572; x_wconf 82' lang='lat' dir='ltr'>SUETONH</span> 
     </span>
     <span class='ocr_line' id='line_1_2' title="bbox 372 631 1414 729; baseline -0.001 -25"><span class='ocrx_word' id='word_1_5' title='bbox 372 651 467 704; x_wconf 80' lang='lat' dir='ltr'><strong>tenu</strong></span> <span class='ocrx_word' id='word_1_6' title='bbox 487 633 624 716; x_wconf 81' lang='lat' dir='ltr'><strong>laxitas,</strong></span> <span class='ocrx_word' id='word_1_7' title='bbox 646 649 686 698; x_wconf 87' lang='lat' dir='ltr'><strong>ut</strong></span> <span class='ocrx_word' id='word_1_8' title='bbox 704 635 855 724; x_wconf 82' lang='lat' dir='ltr'><strong>porticus</strong></span> <span class='ocrx_word' id='word_1_9' title='bbox 877 632 1024 729; x_wconf 52' lang='lat' dir='ltr'><strong>adplices</strong></span> <span class='ocrx_word' id='word_1_10' title='bbox 1046 631 1240 702; x_wconf 79' lang='lat' dir='ltr'><strong>milliarias⁵</strong></span> <span class='ocrx_word' id='word_1_11' title='bbox 1259 632 1414 720; x_wconf 59' lang='lat' dir='ltr'><strong>heleseu</strong></span> 
     </span>
     <span class='ocr_line' id='line_1_3' title="bbox 371 743 1415 839; baseline 0.002 -25"><span class='ocrx_word' id='word_1_12' title='bbox 371 750 451 816; x_wconf 89' lang='lat' dir='ltr'><strong>item</strong></span> <span class='ocrx_word' id='word_1_13' title='bbox 478 744 656 838; x_wconf 84' lang='lat' dir='ltr'><strong>stagnum⁶</strong></span> <span class='ocrx_word' id='word_1_14' title='bbox 673 747 775 812; x_wconf 91' lang='lat' dir='ltr'><strong>maris</strong></span> <span class='ocrx_word' id='word_1_15' title='bbox 795 747 917 829; x_wconf 90' lang='lat' dir='ltr'><strong>instar,</strong></span> <span class='ocrx_word' id='word_1_16' title='bbox 936 747 1197 839; x_wconf 90' lang='lat' dir='ltr'><strong>circumseptum</strong></span> <span class='ocrx_word' id='word_1_17' title='bbox 1215 743 1360 815; x_wconf 82' lang='lat' dir='ltr'><strong>aedificiis</strong></span> <span class='ocrx_word' id='word_1_18' title='bbox 1373 747 1415 816; x_wconf 90' lang='lat' dir='ltr'><strong>ad</strong></span> 
     </span>
     <span class='ocr_line' id='line_1_4' title="bbox 371 841 1417 954; baseline 0 -28"><span class='ocrx_word' id='word_1_19' title='bbox 371 859 508 926; x_wconf 91' lang='lat' dir='ltr'><strong>urbium</strong></span> <span class='ocrx_word' id='word_1_20' title='bbox 529 841 676 950; x_wconf 86' lang='lat' dir='ltr'><strong>speciem</strong></span> <span class='ocrx_word' id='word_1_21' title='bbox 688 884 696 941; x_wconf 74' lang='grc' dir='ltr'><strong>ς</strong></span> <span class='ocrx_word' id='word_1_22' title='bbox 710 881 791 924; x_wconf 85' lang='lat' dir='ltr'><strong>rura</strong></span> <span class='ocrx_word' id='word_1_23' title='bbox 811 860 991 950; x_wconf 84' lang='lat' dir='ltr'><strong>insuper⁷‚</strong></span> <span class='ocrx_word' id='word_1_24' title='bbox 1011 861 1098 925; x_wconf 92' lang='lat' dir='ltr'><strong>arvis</strong></span> <span class='ocrx_word' id='word_1_25' title='bbox 1113 874 1214 954; x_wconf 89' lang='lat' dir='ltr'><strong>atque</strong></span> <span class='ocrx_word' id='word_1_26' title='bbox 1228 861 1365 936; x_wconf 90' lang='lat' dir='ltr'><strong>vinetis,</strong></span> <span class='ocrx_word' id='word_1_27' title='bbox 1384 875 1417 926; x_wconf 92' lang='lat' dir='ltr'><strong>et</strong></span> 
     </span>
     <span class='ocr_line' id='line_1_5' title="bbox 371 967 1415 1064; baseline -0.003 -25"><span class='ocrx_word' id='word_1_28' title='bbox 371 972 505 1064; x_wconf 87' lang='lat' dir='ltr'><strong>pascuis</strong></span> <span class='ocrx_word' id='word_1_29' title='bbox 529 968 688 1064; x_wconf 90' lang='lat' dir='ltr'><strong>silvisque</strong></span> <span class='ocrx_word' id='word_1_30' title='bbox 703 971 813 1051; x_wconf 91' lang='lat' dir='ltr'><strong>varia,</strong></span> <span class='ocrx_word' id='word_1_31' title='bbox 832 993 910 1037; x_wconf 92' lang='lat' dir='ltr'><strong>cum</strong></span> <span class='ocrx_word' id='word_1_32' title='bbox 927 967 1142 1037; x_wconf 92' lang='lat' dir='ltr'><strong>multitudine</strong></span> <span class='ocrx_word' id='word_1_33' title='bbox 1160 971 1270 1036; x_wconf 91' lang='lat' dir='ltr'><strong>omnis</strong></span> <span class='ocrx_word' id='word_1_34' title='bbox 1289 972 1415 1061; x_wconf 89' lang='lat' dir='ltr'><strong>generis</strong></span> 
     </span>
     <span class='ocr_line' id='line_1_6' title="bbox 372 1078 1417 1180; baseline 0 -32"><span class='ocrx_word' id='word_1_35' title='bbox 372 1078 542 1174; x_wconf 89' lang='lat' dir='ltr'><strong>pecudum</strong></span> <span class='ocrx_word' id='word_1_36' title='bbox 565 1102 604 1148; x_wconf 91' lang='lat' dir='ltr'><strong>ac</strong></span> <span class='ocrx_word' id='word_1_37' title='bbox 625 1081 786 1148; x_wconf 84' lang='lat' dir='ltr'><strong>ferarum.</strong></span> <span class='ocrx_word' id='word_1_38' title='bbox 811 1084 850 1146; x_wconf 93' lang='lat' dir='ltr'><strong>In</strong></span> <span class='ocrx_word' id='word_1_39' title='bbox 873 1081 991 1148; x_wconf 89' lang='lat' dir='ltr'><strong>ceteris</strong></span> <span class='ocrx_word' id='word_1_40' title='bbox 1016 1080 1169 1174; x_wconf 86' lang='lat' dir='ltr'><strong>partibus</strong></span> <span class='ocrx_word' id='word_1_41' title='bbox 1191 1096 1312 1180; x_wconf 75' lang='lat' dir='ltr'><strong>cunpta</strong></span> <span class='ocrx_word' id='word_1_42' title='bbox 1334 1104 1417 1148; x_wconf 91' lang='lat' dir='ltr'><strong>auro</strong></span> 
     </span>
     <span class='ocr_line' id='line_1_7' title="bbox 370 1189 1417 1288; baseline -0.002 -28"><span class='ocrx_word' id='word_1_43' title='bbox 370 1192 448 1273; x_wconf 86' lang='lat' dir='ltr'><strong>lita,</strong></span> <span class='ocrx_word' id='word_1_44' title='bbox 465 1189 621 1259; x_wconf 90' lang='lat' dir='ltr'><strong>distincta</strong></span> <span class='ocrx_word' id='word_1_45' title='bbox 635 1194 776 1282; x_wconf 89' lang='lat' dir='ltr'><strong>gemmis</strong></span> <span class='ocrx_word' id='word_1_46' title='bbox 788 1194 1022 1288; x_wconf 85' lang='lat' dir='ltr'><strong>unionumque</strong></span> <span class='ocrx_word' id='word_1_47' title='bbox 1035 1191 1172 1261; x_wconf 85' lang='lat' dir='ltr'><strong>conchis</strong></span> <span class='ocrx_word' id='word_1_48' title='bbox 1186 1206 1292 1259; x_wconf 90' lang='lat' dir='ltr'><strong>erant.</strong></span> <span class='ocrx_word' id='word_1_49' title='bbox 1305 1195 1417 1258; x_wconf 86' lang='lat' dir='ltr'><strong>Coena·</strong></span> 
     </span>
     <span class='ocr_line' id='line_1_8' title="bbox 371 1297 1416 1399; baseline 0 -28"><span class='ocrx_word' id='word_1_50' title='bbox 371 1301 501 1372; x_wconf 86' lang='lat' dir='ltr'><strong>tiones8</strong></span> <span class='ocrx_word' id='word_1_51' title='bbox 516 1297 680 1399; x_wconf 68' lang='lat' dir='ltr'><strong>laqueatae</strong></span> <span class='ocrx_word' id='word_1_52' title='bbox 695 1303 818 1372; x_wconf 81' lang='lat' dir='ltr'><strong>tabulis</strong></span> <span class='ocrx_word' id='word_1_53' title='bbox 832 1304 990 1373; x_wconf 86' lang='lat' dir='ltr'>eburneis</span> <span class='ocrx_word' id='word_1_54' title='bbox 1002 1303 1233 1386; x_wconf 84' lang='lat' dir='ltr'><strong>versatilibus,</strong></span> <span class='ocrx_word' id='word_1_55' title='bbox 1248 1322 1288 1370; x_wconf 93' lang='lat' dir='ltr'><strong>ut</strong></span> <span class='ocrx_word' id='word_1_56' title='bbox 1298 1301 1416 1382; x_wconf 88' lang='lat' dir='ltr'><strong>flores,</strong></span> 
     </span>
     <span class='ocr_line' id='line_1_9' title="bbox 371 1413 1417 1510; baseline -0.001 -29"><span class='ocrx_word' id='word_1_57' title='bbox 371 1413 547 1497; x_wconf 87' lang='lat' dir='ltr'><strong>fistulatis,</strong></span> <span class='ocrx_word' id='word_1_58' title='bbox 565 1429 605 1482; x_wconf 89' lang='lat' dir='ltr'><strong>ut</strong></span> <span class='ocrx_word' id='word_1_59' title='bbox 620 1431 793 1508; x_wconf 86' lang='lat' dir='ltr'><strong>unguenta</strong></span> <span class='ocrx_word' id='word_1_60' title='bbox 810 1414 958 1510; x_wconf 88' lang='lat' dir='ltr'><strong>desuper</strong></span> <span class='ocrx_word' id='word_1_61' title='bbox 976 1432 1225 1510; x_wconf 80' lang='lat' dir='ltr'><strong>spargerentur.</strong></span> <span class='ocrx_word' id='word_1_62' title='bbox 1247 1416 1417 1506; x_wconf 86' lang='lat' dir='ltr'><strong>Praecipua</strong></span> 
     </span>
     <span class='ocr_line' id='line_1_10' title="bbox 371 1523 1417 1622; baseline -0.001 -30"><span class='ocrx_word' id='word_1_63' title='bbox 371 1527 599 1600; x_wconf 87' lang='lat' dir='ltr'><strong>coenationum</strong></span> <span class='ocrx_word' id='word_1_64' title='bbox 608 1525 777 1614; x_wconf 81' lang='lat' dir='ltr'><strong>rotunda,</strong></span> <span class='ocrx_word' id='word_1_65' title='bbox 795 1551 872 1622; x_wconf 81' lang='lat' dir='ltr'><strong>quae</strong></span> <span class='ocrx_word' id='word_1_66' title='bbox 889 1543 1055 1621; x_wconf 91' lang='lat' dir='ltr'><strong>perpetuo</strong></span> <span class='ocrx_word' id='word_1_67' title='bbox 1073 1526 1193 1594; x_wconf 89' lang='lat' dir='ltr'><strong>diebus</strong></span> <span class='ocrx_word' id='word_1_68' title='bbox 1209 1549 1250 1593; x_wconf 91' lang='lat' dir='ltr'><strong>ac</strong></span> <span class='ocrx_word' id='word_1_69' title='bbox 1265 1523 1417 1592; x_wconf 88' lang='lat' dir='ltr'><strong>noctibus</strong></span> 
     </span>
     <span class='ocr_line' id='line_1_11' title="bbox 323 1635 1418 1730; baseline 0 -26"><span class='ocrx_word' id='word_1_70' title='bbox 323 1639 330 1648; x_wconf 83' lang='grc'>’</span> <span class='ocrx_word' id='word_1_71' title='bbox 368 1639 442 1704; x_wconf 91' lang='lat' dir='ltr'><strong>vice</strong></span> <span class='ocrx_word' id='word_1_72' title='bbox 461 1635 580 1704; x_wconf 93' lang='lat' dir='ltr'><strong>mundi</strong></span> <span class='ocrx_word' id='word_1_73' title='bbox 596 1639 900 1730; x_wconf 76' lang='lat' dir='ltr'><strong>circumageretur:</strong></span> <span class='ocrx_word' id='word_1_74' title='bbox 930 1639 1073 1730; x_wconf 78' lang='lat' dir='ltr'><strong>balineae</strong></span> <span class='ocrx_word' id='word_1_75' title='bbox 1089 1640 1228 1706; x_wconf 89' lang='lat' dir='ltr'><strong>marinis</strong></span> <span class='ocrx_word' id='word_1_76' title='bbox 1247 1654 1281 1705; x_wconf 95' lang='lat' dir='ltr'><strong>et</strong></span> <span class='ocrx_word' id='word_1_77' title='bbox 1293 1635 1418 1704; x_wconf 81' lang='lat' dir='ltr'><strong>Albulis</strong></span> 
     </span>
     <span class='ocr_line' id='line_1_12' title="bbox 372 1725 1418 1844; baseline 0 -30"><span class='ocrx_word' id='word_1_78' title='bbox 372 1745 516 1814; x_wconf 86' lang='lat' dir='ltr'><strong>fluentes</strong></span> <span class='ocrx_word' id='word_1_79' title='bbox 533 1750 630 1842; x_wconf 89' lang='lat' dir='ltr'><strong>aquis</strong></span> <span class='ocrx_word' id='word_1_80' title='bbox 640 1759 665 1815; x_wconf 83' lang='lat'><strong>⁹.</strong></span> <span class='ocrx_word' id='word_1_81' title='bbox 682 1725 857 1840; x_wconf 80' lang='lat' dir='ltr'><strong>Ejusmodi</strong></span> <span class='ocrx_word' id='word_1_82' title='bbox 876 1750 1016 1818; x_wconf 90' lang='lat' dir='ltr'><strong>domum</strong></span> <span class='ocrx_word' id='word_1_83' title='bbox 1033 1773 1141 1844; x_wconf 91' lang='lat' dir='ltr'><strong>quum</strong></span> <span class='ocrx_word' id='word_1_84' title='bbox 1159 1746 1352 1816; x_wconf 87' lang='lat' dir='ltr'><strong>absolutam</strong></span> <span class='ocrx_word' id='word_1_85' title='bbox 1363 1745 1418 1815; x_wconf 92' lang='lat' dir='ltr'><strong>de·</strong></span> 
     </span>
     <span class='ocr_line' id='line_1_13' title="bbox 372 1855 1418 1952; baseline 0 -28"><span class='ocrx_word' id='word_1_86' title='bbox 372 1856 498 1924; x_wconf 90' lang='lat' dir='ltr'><strong>dicaret</strong></span> <span class='ocrx_word' id='word_1_87' title='bbox 510 1865 534 1894; x_wconf 85' lang='lat'><strong>¹⁰</strong></span> <span class='ocrx_word' id='word_1_88' title='bbox 551 1910 560 1938; x_wconf 97' lang='lat'><strong>,</strong></span> <span class='ocrx_word' id='word_1_89' title='bbox 581 1855 744 1926; x_wconf 91' lang='lat' dir='ltr'><strong>hactenus</strong></span> <span class='ocrx_word' id='word_1_90' title='bbox 767 1858 1023 1952; x_wconf 85' lang='lat' dir='ltr'><strong>comprobavit,</strong></span> <span class='ocrx_word' id='word_1_91' title='bbox 1045 1874 1101 1941; x_wconf 92' lang='lat' dir='ltr'><strong>ut,</strong></span> <span class='ocrx_word' id='word_1_92' title='bbox 1130 1880 1192 1925; x_wconf 74' lang='lat' dir='ltr'><strong>«se</strong></span> <span class='ocrx_word' id='word_1_93' title='bbox 1206 1889 1241 1940; x_wconf 73' lang='lat' dir='ltr'><strong>,a</strong></span> <span class='ocrx_word' id='word_1_94' title='bbox 1269 1855 1418 1939; x_wconf 90' lang='lat' dir='ltr'><strong>diceret,</strong></span> 
     </span>
     <span class='ocr_line' id='line_1_14' title="bbox 377 1965 1420 2062; baseline 0.001 -26"><span class='ocrx_word' id='word_1_95' title='bbox 377 1969 501 2062; x_wconf 73' lang='lat' dir='ltr'><strong>«quasi</strong></span> <span class='ocrx_word' id='word_1_96' title='bbox 521 1965 695 2036; x_wconf 92' lang='lat' dir='ltr'><strong>homiuem</strong></span> <span class='ocrx_word' id='word_1_97' title='bbox 716 1968 854 2038; x_wconf 85' lang='lat' dir='ltr'><strong>tandem</strong></span> <span class='ocrx_word' id='word_1_98' title='bbox 878 1968 1028 2038; x_wconf 91' lang='lat' dir='ltr'><strong>habitare</strong></span> <span class='ocrx_word' id='word_1_99' title='bbox 1053 1971 1234 2062; x_wconf 76' lang='lat' dir='ltr'><strong>coepisse.»</strong></span> <span class='ocrx_word' id='word_1_100' title='bbox 1256 1973 1420 2036; x_wconf 84' lang='lat' dir='ltr'><strong>Praeterea</strong></span> 
     </span>
     <span class='ocr_line' id='line_1_15' title="bbox 372 2077 1420 2173; baseline 0.001 -27"><span class='ocrx_word' id='word_1_101' title='bbox 372 2077 552 2147; x_wconf 86' lang='lat' dir='ltr'><strong>inchoabat</strong></span> <span class='ocrx_word' id='word_1_102' title='bbox 571 2083 736 2173; x_wconf 87' lang='lat' dir='ltr'><strong>piscinam</strong></span> <span class='ocrx_word' id='word_1_103' title='bbox 755 2106 775 2147; x_wconf 93' lang='lat' dir='ltr'><strong>a</strong></span> <span class='ocrx_word' id='word_1_104' title='bbox 794 2084 925 2149; x_wconf 86' lang='lat' dir='ltr'><strong>Miseno</strong></span> <span class='ocrx_word' id='word_1_105' title='bbox 938 2080 981 2148; x_wconf 93' lang='lat' dir='ltr'><strong>ad</strong></span> <span class='ocrx_word' id='word_1_106' title='bbox 1000 2089 1172 2150; x_wconf 85' lang='lat' dir='ltr'><strong>Avernum</strong></span> <span class='ocrx_word' id='word_1_107' title='bbox 1193 2078 1326 2159; x_wconf 88' lang='lat' dir='ltr'><strong>lacum,</strong></span> <span class='ocrx_word' id='word_1_108' title='bbox 1345 2104 1420 2148; x_wconf 92' lang='lat' dir='ltr'><strong>oon-</strong></span> 
     </span>
     <span class='ocr_line' id='line_1_16' title="bbox 373 2189 1421 2288; baseline 0.005 -32"><span class='ocrx_word' id='word_1_109' title='bbox 373 2205 517 2273; x_wconf 87' lang='lat' dir='ltr'><strong>tectam,</strong></span> <span class='ocrx_word' id='word_1_110' title='bbox 540 2192 791 2287; x_wconf 89' lang='lat' dir='ltr'><strong>porticibusque</strong></span> <span class='ocrx_word' id='word_1_111' title='bbox 816 2192 1026 2276; x_wconf 91' lang='lat' dir='ltr'><strong>conclusam,</strong></span> <span class='ocrx_word' id='word_1_112' title='bbox 1049 2217 1136 2288; x_wconf 92' lang='lat' dir='ltr'><strong>quo,</strong></span> <span class='ocrx_word' id='word_1_113' title='bbox 1165 2189 1329 2287; x_wconf 90' lang='lat' dir='ltr'><strong>quicquid</strong></span> <span class='ocrx_word' id='word_1_114' title='bbox 1347 2193 1421 2261; x_wconf 87' lang='lat' dir='ltr'><strong>totis</strong></span> 
     </span>
     <span class='ocr_line' id='line_1_17' title="bbox 370 2301 1423 2398; baseline -0.001 -29"><span class='ocrx_word' id='word_1_115' title='bbox 370 2304 455 2370; x_wconf 91' lang='lat' dir='ltr'><strong>Baiis</strong></span> <span class='ocrx_word' id='word_1_116' title='bbox 469 2301 653 2370; x_wconf 87' lang='lat' dir='ltr'><strong>calidarum</strong></span> <span class='ocrx_word' id='word_1_117' title='bbox 683 2327 848 2398; x_wconf 89' lang='lat' dir='ltr'><strong>aquarum</strong></span> <span class='ocrx_word' id='word_1_118' title='bbox 861 2318 966 2387; x_wconf 89' lang='lat' dir='ltr'><strong>esset,</strong></span> <span class='ocrx_word' id='word_1_119' title='bbox 981 2317 1251 2392; x_wconf 81' lang='lat' dir='ltr'><strong>converteretur:</strong></span> <span class='ocrx_word' id='word_1_120' title='bbox 1272 2302 1423 2369; x_wconf 86' lang='lat' dir='ltr'><strong>¹¹fossam</strong></span> 
     </span>
    </p>
   </div>
   <div class='ocr_carea' id='block_1_2' title="bbox 260 2541 1516 4280">
    <p class='ocr_par' dir='ltr' id='par_1_2' title="bbox 260 2541 1516 4280">
     <span class='ocr_line' id='line_1_18' title="bbox 411 2541 1516 2616; baseline 0 -22"><span class='ocrx_word' id='word_1_121' title='bbox 411 2541 437 2594; x_wconf 85' lang='lat'><strong>5.</strong></span> <span class='ocrx_word' id='word_1_122' title='bbox 460 2541 495 2593; x_wconf 80' lang='lat' dir='ltr'><strong>Ut</strong></span> <span class='ocrx_word' id='word_1_123' title='bbox 509 2542 626 2613; x_wconf 82' lang='lat' dir='ltr'><strong>porticus</strong></span> <span class='ocrx_word' id='word_1_124' title='bbox 645 2542 757 2616; x_wconf 67' lang='lat' dir='ltr'><strong>triplices</strong></span> <span class='ocrx_word' id='word_1_125' title='bbox 775 2543 876 2596; x_wconf 80' lang='lat' dir='ltr'><strong>millia·</strong></span> <span class='ocrx_word' id='word_1_126' title='bbox 922 2559 974 2596; x_wconf 87' lang='lat' dir='ltr'><strong>tem</strong></span> <span class='ocrx_word' id='word_1_127' title='bbox 985 2557 1086 2598; x_wconf 84' lang='lat' dir='ltr'><strong>tentare</strong></span> <span class='ocrx_word' id='word_1_128' title='bbox 1101 2557 1127 2598; x_wconf 88' lang='lat' dir='ltr'><strong>et</strong></span> <span class='ocrx_word' id='word_1_129' title='bbox 1140 2544 1240 2597; x_wconf 84' lang='lat' dir='ltr'><strong>viribus</strong></span> <span class='ocrx_word' id='word_1_130' title='bbox 1254 2544 1384 2616; x_wconf 82' lang='lat' dir='ltr'><strong>Principis</strong></span> <span class='ocrx_word' id='word_1_131' title='bbox 1397 2541 1423 2594; x_wconf 88' lang='lat' dir='ltr'><strong>it·</strong></span> <span class='ocrx_word' id='word_1_132' title='bbox 1509 2567 1516 2584; x_wconf 64' lang='grc' dir='ltr'><strong>ι</strong></span> 
     </span>
     <span class='ocr_line' id='line_1_19' title="bbox 376 2621 1044 2696; baseline -0.004 -22"><span class='ocrx_word' id='word_1_133' title='bbox 376 2623 439 2684; x_wconf 82' lang='lat' dir='ltr'><strong>rias,</strong></span> <span class='ocrx_word' id='word_1_134' title='bbox 456 2635 507 2672; x_wconf 89' lang='lat' dir='ltr'><strong>etc.</strong></span> <span class='ocrx_word' id='word_1_135' title='bbox 527 2623 591 2674; x_wconf 90' lang='lat' dir='ltr'><strong>Tres</strong></span> <span class='ocrx_word' id='word_1_136' title='bbox 610 2621 728 2694; x_wconf 80' lang='lat' dir='ltr'><strong>intelligo</strong></span> <span class='ocrx_word' id='word_1_137' title='bbox 743 2626 877 2696; x_wconf 91' lang='lat' dir='ltr'><strong>porticus,</strong></span> <span class='ocrx_word' id='word_1_138' title='bbox 922 2622 1020 2676; x_wconf 87' lang='lat' dir='ltr'><strong>ludere.</strong></span> <span class='ocrx_word' id='word_1_139' title='bbox 1032 2647 1044 2671; x_wconf 70' lang='grc' dir='ltr'><strong>ι</strong></span> 
     </span>
     <span class='ocr_line' id='line_1_20' title="bbox 341 2698 1425 2772; baseline 0 -20"><span class='ocrx_word' id='word_1_140' title='bbox 341 2714 343 2723; x_wconf 90' lang='grc'><strong><em>·</em></strong></span> <span class='ocrx_word' id='word_1_141' title='bbox 376 2703 430 2752; x_wconf 86' lang='lat' dir='ltr'><strong>sive</strong></span> <span class='ocrx_word' id='word_1_142' title='bbox 447 2698 632 2753; x_wconf 87' lang='lat' dir='ltr'><strong>columnarum</strong></span> <span class='ocrx_word' id='word_1_143' title='bbox 648 2701 770 2771; x_wconf 85' lang='lat' dir='ltr'><strong>ordines,</strong></span> <span class='ocrx_word' id='word_1_144' title='bbox 788 2701 878 2755; x_wconf 84' lang='lat' dir='ltr'><strong>latitu·</strong></span> <span class='ocrx_word' id='word_1_145' title='bbox 957 2705 982 2756; x_wconf 88' lang='lat'><strong>8.</strong></span> <span class='ocrx_word' id='word_1_146' title='bbox 1009 2703 1184 2769; x_wconf 70' lang='lat' dir='ltr'><strong>Curationes,</strong></span> <span class='ocrx_word' id='word_1_147' title='bbox 1206 2714 1256 2754; x_wconf 90' lang='lat' dir='ltr'><strong>etc.</strong></span> <span class='ocrx_word' id='word_1_148' title='bbox 1281 2702 1425 2772; x_wconf 76' lang='lat' dir='ltr'><strong>bequearia</strong></span> 
     </span>
     <span class='ocr_line' id='line_1_21' title="bbox 376 2778 1425 2855; baseline 0.003 -25"><span class='ocrx_word' id='word_1_149' title='bbox 376 2778 455 2846; x_wconf 90' lang='lat' dir='ltr'><strong>dine,</strong></span> <span class='ocrx_word' id='word_1_150' title='bbox 475 2800 530 2832; x_wconf 92' lang='lat' dir='ltr'><strong>non</strong></span> <span class='ocrx_word' id='word_1_151' title='bbox 547 2780 711 2852; x_wconf 85' lang='lat' dir='ltr'><strong>longitudine</strong></span> <span class='ocrx_word' id='word_1_152' title='bbox 732 2802 789 2835; x_wconf 89' lang='lat' dir='ltr'><strong>sese</strong></span> <span class='ocrx_word' id='word_1_153' title='bbox 807 2786 878 2836; x_wconf 83' lang='lat' dir='ltr'><strong>exci-</strong></span> <span class='ocrx_word' id='word_1_154' title='bbox 922 2783 965 2835; x_wconf 90' lang='lat' dir='ltr'><strong>vel</strong></span> <span class='ocrx_word' id='word_1_155' title='bbox 974 2783 1097 2855; x_wconf 84' lang='lat' dir='ltr'><strong>laqueata</strong></span> <span class='ocrx_word' id='word_1_156' title='bbox 1107 2795 1177 2834; x_wconf 85' lang='lat' dir='ltr'><strong>tecta</strong></span> <span class='ocrx_word' id='word_1_157' title='bbox 1187 2795 1277 2849; x_wconf 89' lang='lat' dir='ltr'><strong>erant,</strong></span> <span class='ocrx_word' id='word_1_158' title='bbox 1288 2801 1348 2854; x_wconf 79' lang='lat' dir='ltr'><strong>qnae</strong></span> <span class='ocrx_word' id='word_1_159' title='bbox 1357 2799 1425 2833; x_wconf 89' lang='lat' dir='ltr'><strong>nunc</strong></span> 
     </span>
     <span class='ocr_line' id='line_1_22' title="bbox 375 2859 1425 2932; baseline 0.003 -23"><span class='ocrx_word' id='word_1_160' title='bbox 375 2859 497 2930; x_wconf 85' lang='lat' dir='ltr'><strong>pientes,</strong></span> <span class='ocrx_word' id='word_1_161' title='bbox 519 2861 635 2932; x_wconf 81' lang='lat' dir='ltr'><strong>singulas</strong></span> <span class='ocrx_word' id='word_1_162' title='bbox 658 2880 707 2932; x_wconf 87' lang='lat' dir='ltr'><strong>per</strong></span> <span class='ocrx_word' id='word_1_163' title='bbox 729 2863 879 2915; x_wconf 86' lang='lat' dir='ltr'><strong>milliarium</strong></span> <span class='ocrx_word' id='word_1_164' title='bbox 923 2863 1025 2915; x_wconf 85' lang='lat' dir='ltr'><strong>Gallico</strong></span> <span class='ocrx_word' id='word_1_165' title='bbox 1036 2861 1167 2915; x_wconf 88' lang='lat' dir='ltr'><strong>vocabulo</strong></span> <span class='ocrx_word' id='word_1_166' title='bbox 1179 2861 1293 2914; x_wconf 87' lang='lat' dir='ltr'><strong>dicimus</strong></span> <span class='ocrx_word' id='word_1_167' title='bbox 1306 2860 1425 2912; x_wconf 75' lang='lat' dir='ltr'><strong>lambris-</strong></span> 
     </span>
     <span class='ocr_line' id='line_1_23' title="bbox 375 2938 1425 3012; baseline 0.003 -22"><span class='ocrx_word' id='word_1_168' title='bbox 375 2940 430 2991; x_wconf 84' lang='lat' dir='ltr'><strong>sive</strong></span> <span class='ocrx_word' id='word_1_169' title='bbox 444 2938 514 2990; x_wconf 91' lang='lat' dir='ltr'><strong>mille</strong></span> <span class='ocrx_word' id='word_1_170' title='bbox 529 2958 622 3011; x_wconf 87' lang='lat' dir='ltr'><strong>passus</strong></span> <span class='ocrx_word' id='word_1_171' title='bbox 636 2953 765 2993; x_wconf 80' lang='lat' dir='ltr'><strong>extensas.</strong></span> <span class='ocrx_word' id='word_1_172' title='bbox 924 2947 1016 2998; x_wconf 64' lang='lat' dir='ltr'><strong>sesrex</strong></span> <span class='ocrx_word' id='word_1_173' title='bbox 1026 2941 1123 2996; x_wconf 81' lang='lat' dir='ltr'><strong>tabulis</strong></span> <span class='ocrx_word' id='word_1_174' title='bbox 1134 2943 1205 2994; x_wconf 90' lang='lat' dir='ltr'><strong>enim</strong></span> <span class='ocrx_word' id='word_1_175' title='bbox 1211 2940 1425 3012; x_wconf 84' lang='lat' dir='ltr'><strong>ligneisliebant,</strong></span> 
     </span>
     <span class='ocr_line' id='line_1_24' title="bbox 413 3019 1426 3096; baseline 0.003 -25"><span class='ocrx_word' id='word_1_176' title='bbox 413 3019 440 3071; x_wconf 89' lang='grc'><strong>6.</strong></span> <span class='ocrx_word' id='word_1_177' title='bbox 459 3021 526 3072; x_wconf 85' lang='lat' dir='ltr'><strong>Item</strong></span> <span class='ocrx_word' id='word_1_178' title='bbox 543 3031 679 3096; x_wconf 66' lang='lat' dir='ltr'><strong>stagnum,</strong></span> <span class='ocrx_word' id='word_1_179' title='bbox 699 3033 749 3072; x_wconf 88' lang='lat' dir='ltr'><strong>etc.</strong></span> <span class='ocrx_word' id='word_1_180' title='bbox 766 3020 877 3073; x_wconf 87' lang='lat' dir='ltr'><strong>Martial.</strong></span> <span class='ocrx_word' id='word_1_181' title='bbox 924 3026 950 3075; x_wconf 88' lang='lat' dir='ltr'><strong>in</strong></span> <span class='ocrx_word' id='word_1_182' title='bbox 960 3027 1045 3076; x_wconf 91' lang='lat' dir='ltr'><strong>varias</strong></span> <span class='ocrx_word' id='word_1_183' title='bbox 1053 3021 1150 3092; x_wconf 86' lang='lat' dir='ltr'><strong>figuras</strong></span> <span class='ocrx_word' id='word_1_184' title='bbox 1158 3036 1184 3074; x_wconf 90' lang='lat' dir='ltr'><strong>et</strong></span> <span class='ocrx_word' id='word_1_185' title='bbox 1193 3021 1343 3074; x_wconf 73' lang='lat' dir='ltr'><strong>meandros</strong></span> <span class='ocrx_word' id='word_1_186' title='bbox 1350 3022 1426 3074; x_wconf 84' lang='lat' dir='ltr'><strong>sectis</strong></span> 
     </span>
     <span class='ocr_line' id='line_1_25' title="bbox 287 3099 1427 3170; baseline -0.004 -13"><span class='ocrx_word' id='word_1_187' title='bbox 287 3121 309 3133; x_wconf 66' lang='lat'><strong>&#39;¹</strong></span> <span class='ocrx_word' id='word_1_188' title='bbox 377 3106 429 3157; x_wconf 92' lang='lat' dir='ltr'><strong>loc.</strong></span> <span class='ocrx_word' id='word_1_189' title='bbox 446 3107 489 3157; x_wconf 93' lang='lat' dir='ltr'><strong>cit.</strong></span> <span class='ocrx_word' id='word_1_190' title='bbox 925 3103 1138 3170; x_wconf 77' lang='lat' dir='ltr'><strong>etcoelatis.Qnae</strong></span> <span class='ocrx_word' id='word_1_191' title='bbox 1148 3100 1244 3154; x_wconf 75' lang='lat' dir='ltr'><strong>tabulae</strong></span> <span class='ocrx_word' id='word_1_192' title='bbox 1255 3099 1427 3156; x_wconf 67' lang='lat' dir='ltr'><strong>samalaud</strong></span> 
     </span>
     <span class='ocr_line' id='line_1_26' title="bbox 378 3179 1428 3253; baseline -0.003 -17"><span class='ocrx_word' id='word_1_193' title='bbox 378 3192 863 3250; x_wconf 59' lang='lat' dir='ltr'><strong>tlte,ubiconspicuivenermitistmphitheuri</strong></span> <span class='ocrx_word' id='word_1_194' title='bbox 924 3182 975 3234; x_wconf 89' lang='lat' dir='ltr'><strong>boc</strong></span> <span class='ocrx_word' id='word_1_195' title='bbox 983 3184 1102 3247; x_wconf 85' lang='lat' dir='ltr'><strong>fuerunt,</strong></span> <span class='ocrx_word' id='word_1_196' title='bbox 1110 3179 1225 3233; x_wconf 83' lang='lat' dir='ltr'><strong>utflores</strong></span> <span class='ocrx_word' id='word_1_197' title='bbox 1234 3179 1351 3253; x_wconf 84' lang='lat' dir='ltr'><strong>desuper</strong></span> <span class='ocrx_word' id='word_1_198' title='bbox 1360 3197 1428 3252; x_wconf 68' lang='lat' dir='ltr'><strong>spen</strong></span> 
     </span>
     <span class='ocr_line' id='line_1_27' title="bbox 406 3256 1428 3330; baseline 0.003 -32"><span class='ocrx_word' id='word_1_199' title='bbox 406 3257 495 3311; x_wconf 80' lang='lat' dir='ltr'><strong>Erigitur</strong></span> <span class='ocrx_word' id='word_1_200' title='bbox 501 3258 577 3306; x_wconf 85' lang='lat' dir='ltr'><strong>moles,</strong></span> <span class='ocrx_word' id='word_1_201' title='bbox 585 3267 655 3312; x_wconf 74' lang='lat' dir='ltr'><strong>stagna</strong></span> <span class='ocrx_word' id='word_1_202' title='bbox 663 3257 748 3300; x_wconf 83' lang='lat' dir='ltr'><strong>Neronis</strong></span> <span class='ocrx_word' id='word_1_203' title='bbox 755 3265 820 3298; x_wconf 82' lang='lat' dir='ltr'><strong>erant.</strong></span> <span class='ocrx_word' id='word_1_204' title='bbox 924 3272 1016 3330; x_wconf 53' lang='lat' dir='ltr'><strong>gemm</strong></span> <span class='ocrx_word' id='word_1_205' title='bbox 1021 3256 1159 3330; x_wconf 60' lang='lat' dir='ltr'><strong>,fistulam</strong></span> <span class='ocrx_word' id='word_1_206' title='bbox 1169 3271 1258 3310; x_wconf 66' lang='lat' dir='ltr'><strong>autem</strong></span> <span class='ocrx_word' id='word_1_207' title='bbox 1266 3257 1302 3310; x_wconf 75' lang='lat' dir='ltr'><strong>ad</strong></span> <span class='ocrx_word' id='word_1_208' title='bbox 1311 3277 1428 3330; x_wconf 56' lang='lat' dir='ltr'><strong>unguen.</strong></span> 
     </span>
     <span class='ocr_line' id='line_1_28' title="bbox 415 3336 1429 3408; baseline 0.007 -24"><span class='ocrx_word' id='word_1_209' title='bbox 415 3351 441 3402; x_wconf 88' lang='lat'><strong>7.</strong></span> <span class='ocrx_word' id='word_1_210' title='bbox 458 3337 527 3384; x_wconf 82' lang='lat' dir='ltr'><strong>Rura</strong></span> <span class='ocrx_word' id='word_1_211' title='bbox 539 3337 656 3407; x_wconf 82' lang='lat' dir='ltr'><strong>insuper,</strong></span> <span class='ocrx_word' id='word_1_212' title='bbox 670 3349 719 3386; x_wconf 90' lang='lat' dir='ltr'><strong>etc.</strong></span> <span class='ocrx_word' id='word_1_213' title='bbox 732 3337 816 3387; x_wconf 87' lang='lat' dir='ltr'><strong>Tacit.</strong></span> <span class='ocrx_word' id='word_1_214' title='bbox 829 3336 882 3386; x_wconf 84' lang='lat' dir='ltr'><strong>An·</strong></span> <span class='ocrx_word' id='word_1_215' title='bbox 925 3353 952 3392; x_wconf 84' lang='lat' dir='ltr'><strong>ta</strong></span> <span class='ocrx_word' id='word_1_216' title='bbox 966 3336 1110 3390; x_wconf 82' lang='lat' dir='ltr'><strong>fundenda.</strong></span> <span class='ocrx_word' id='word_1_217' title='bbox 1123 3338 1222 3390; x_wconf 73' lang='lat' dir='ltr'><strong>Cetei-n</strong></span> <span class='ocrx_word' id='word_1_218' title='bbox 1236 3338 1316 3408; x_wconf 83' lang='lat' dir='ltr'><strong>hujus</strong></span> <span class='ocrx_word' id='word_1_219' title='bbox 1328 3338 1383 3391; x_wconf 86' lang='lat' dir='ltr'><strong>loci</strong></span> <span class='ocrx_word' id='word_1_220' title='bbox 1395 3338 1429 3391; x_wconf 78' lang='lat' dir='ltr'><strong>le·</strong></span> 
     </span>
     <span class='ocr_line' id='line_1_29' title="bbox 380 3411 1141 3488; baseline 0.011 -26"><span class='ocrx_word' id='word_1_221' title='bbox 380 3411 433 3463; x_wconf 88' lang='lat' dir='ltr'><strong>nal.</strong></span> <span class='ocrx_word' id='word_1_222' title='bbox 446 3415 502 3480; x_wconf 86' lang='lat' dir='ltr'><strong>XV,</strong></span> <span class='ocrx_word' id='word_1_223' title='bbox 516 3414 565 3480; x_wconf 62' lang='lat'><strong>42,</strong></span> <span class='ocrx_word' id='word_1_224' title='bbox 580 3416 722 3466; x_wconf 81' lang='lat' dir='ltr'><strong>«Ceterum</strong></span> <span class='ocrx_word' id='word_1_225' title='bbox 735 3415 806 3466; x_wconf 86' lang='lat' dir='ltr'><strong>Nero</strong></span> <span class='ocrx_word' id='word_1_226' title='bbox 819 3433 881 3466; x_wconf 89' lang='lat' dir='ltr'><strong>usus</strong></span> <span class='ocrx_word' id='word_1_227' title='bbox 926 3422 1026 3472; x_wconf 89' lang='lat' dir='ltr'><strong>ctioues</strong></span> <span class='ocrx_word' id='word_1_228' title='bbox 1038 3422 1141 3488; x_wconf 79' lang='lat' dir='ltr'><strong>ineptae.</strong></span> 
     </span>
     <span class='ocr_line' id='line_1_30' title="bbox 381 3492 1430 3571; baseline 0.011 -31"><span class='ocrx_word' id='word_1_229' title='bbox 381 3505 420 3541; x_wconf 89' lang='lat' dir='ltr'><strong>est</strong></span> <span class='ocrx_word' id='word_1_230' title='bbox 432 3493 523 3560; x_wconf 72' lang='lat' dir='ltr'><strong>patrie</strong></span> <span class='ocrx_word' id='word_1_231' title='bbox 535 3493 631 3562; x_wconf 83' lang='lat' dir='ltr'><strong>ruinis,</strong></span> <span class='ocrx_word' id='word_1_232' title='bbox 644 3494 822 3564; x_wconf 84' lang='lat' dir='ltr'><strong>exstruxitque</strong></span> <span class='ocrx_word' id='word_1_233' title='bbox 834 3492 883 3546; x_wconf 87' lang='lat' dir='ltr'><strong>do·</strong></span> <span class='ocrx_word' id='word_1_234' title='bbox 963 3516 988 3567; x_wconf 89' lang='lat'><strong>9.</strong></span> <span class='ocrx_word' id='word_1_235' title='bbox 1007 3497 1139 3550; x_wconf 82' lang='lat' dir='ltr'><strong>Albulis...</strong></span> <span class='ocrx_word' id='word_1_236' title='bbox 1155 3499 1236 3571; x_wconf 81' lang='lat' dir='ltr'><strong>aquis.</strong></span> <span class='ocrx_word' id='word_1_237' title='bbox 1255 3499 1296 3552; x_wconf 92' lang='lat' dir='ltr'><strong>De</strong></span> <span class='ocrx_word' id='word_1_238' title='bbox 1313 3499 1357 3552; x_wconf 88' lang='lat' dir='ltr'><strong>his</strong></span> <span class='ocrx_word' id='word_1_239' title='bbox 1373 3497 1430 3552; x_wconf 78' lang='lat' dir='ltr'><strong>vide</strong></span> 
     </span>
     <span class='ocr_line' id='line_1_31' title="bbox 381 3571 1210 3650; baseline 0.01 -29"><span class='ocrx_word' id='word_1_240' title='bbox 381 3589 468 3636; x_wconf 90' lang='lat' dir='ltr'><strong>mum,</strong></span> <span class='ocrx_word' id='word_1_241' title='bbox 477 3571 504 3623; x_wconf 91' lang='lat' dir='ltr'><strong>in</strong></span> <span class='ocrx_word' id='word_1_242' title='bbox 515 3591 566 3644; x_wconf 86' lang='lat' dir='ltr'><strong>qun</strong></span> <span class='ocrx_word' id='word_1_243' title='bbox 577 3573 648 3625; x_wconf 90' lang='lat' dir='ltr'><strong>baud</strong></span> <span class='ocrx_word' id='word_1_244' title='bbox 658 3574 767 3646; x_wconf 88' lang='lat' dir='ltr'><strong>perinde</strong></span> <span class='ocrx_word' id='word_1_245' title='bbox 774 3594 883 3645; x_wconf 79' lang='lat' dir='ltr'><strong>gemmae</strong></span> <span class='ocrx_word' id='word_1_246' title='bbox 927 3591 982 3629; x_wconf 88' lang='lat' dir='ltr'><strong>not.</strong></span> <span class='ocrx_word' id='word_1_247' title='bbox 996 3577 1029 3628; x_wconf 88' lang='lat' dir='ltr'><strong>ad</strong></span> <span class='ocrx_word' id='word_1_248' title='bbox 1043 3579 1152 3650; x_wconf 81' lang='lat' dir='ltr'><strong>August.</strong></span> <span class='ocrx_word' id='word_1_249' title='bbox 1166 3580 1210 3631; x_wconf 78' lang='lat'><strong>82.</strong></span> 
     </span>
     <span class='ocr_line' id='line_1_32' title="bbox 382 3650 1432 3726; baseline 0.008 -26"><span class='ocrx_word' id='word_1_250' title='bbox 382 3663 408 3700; x_wconf 89' lang='lat' dir='ltr'><strong>et</strong></span> <span class='ocrx_word' id='word_1_251' title='bbox 427 3668 519 3701; x_wconf 84' lang='lat' dir='ltr'><strong>aurum</strong></span> <span class='ocrx_word' id='word_1_252' title='bbox 539 3650 667 3704; x_wconf 83' lang='lat' dir='ltr'><strong>miraculo</strong></span> <span class='ocrx_word' id='word_1_253' title='bbox 688 3667 789 3718; x_wconf 87' lang='lat' dir='ltr'><strong>essent,</strong></span> <span class='ocrx_word' id='word_1_254' title='bbox 805 3653 882 3705; x_wconf 86' lang='lat' dir='ltr'><strong>solita</strong></span> <span class='ocrx_word' id='word_1_255' title='bbox 967 3673 1006 3709; x_wconf 84' lang='lat' dir='ltr'><strong>to.</strong></span> <span class='ocrx_word' id='word_1_256' title='bbox 1028 3657 1152 3726; x_wconf 69' lang='lat' dir='ltr'><strong>Quum...</strong></span> <span class='ocrx_word' id='word_1_257' title='bbox 1165 3655 1311 3720; x_wconf 67' lang='lat' dir='ltr'><strong>dedictum,-</strong></span> <span class='ocrx_word' id='word_1_258' title='bbox 1323 3655 1378 3710; x_wconf 86' lang='lat' dir='ltr'><strong>boc</strong></span> <span class='ocrx_word' id='word_1_259' title='bbox 1395 3670 1432 3709; x_wconf 87' lang='lat' dir='ltr'><strong>est</strong></span> 
     </span>
     <span class='ocr_line' id='line_1_33' title="bbox 382 3729 1432 3807; baseline 0.005 -26"><span class='ocrx_word' id='word_1_260' title='bbox 382 3729 485 3802; x_wconf 87' lang='lat' dir='ltr'><strong>pridem</strong></span> <span class='ocrx_word' id='word_1_261' title='bbox 496 3744 522 3782; x_wconf 89' lang='lat' dir='ltr'><strong>et</strong></span> <span class='ocrx_word' id='word_1_262' title='bbox 530 3730 594 3783; x_wconf 83' lang='lat' dir='ltr'><strong>luxu</strong></span> <span class='ocrx_word' id='word_1_263' title='bbox 603 3732 723 3802; x_wconf 83' lang='lat' dir='ltr'><strong>vulgata,</strong></span> <span class='ocrx_word' id='word_1_264' title='bbox 735 3753 812 3804; x_wconf 84' lang='lat' dir='ltr'><strong>quant</strong></span> <span class='ocrx_word' id='word_1_265' title='bbox 823 3751 884 3786; x_wconf 87' lang='lat' dir='ltr'><strong>arva</strong></span> <span class='ocrx_word' id='word_1_266' title='bbox 929 3733 1050 3806; x_wconf 87' lang='lat' dir='ltr'><strong>quidem,</strong></span> <span class='ocrx_word' id='word_1_267' title='bbox 1068 3747 1098 3784; x_wconf 92' lang='lat' dir='ltr'><strong>ut</strong></span> <span class='ocrx_word' id='word_1_268' title='bbox 1115 3735 1217 3786; x_wconf 87' lang='lat' dir='ltr'><strong>Ernest.</strong></span> <span class='ocrx_word' id='word_1_269' title='bbox 1234 3737 1432 3807; x_wconf 84' lang='lat' dir='ltr'><strong>interpretatur,</strong></span> 
     </span>
     <span class='ocr_line' id='line_1_34' title="bbox 382 3809 1432 3885; baseline 0.007 -24"><span class='ocrx_word' id='word_1_270' title='bbox 382 3821 408 3861; x_wconf 89' lang='lat' dir='ltr'><strong>et</strong></span> <span class='ocrx_word' id='word_1_271' title='bbox 416 3823 509 3880; x_wconf 87' lang='lat' dir='ltr'><strong>stagna</strong></span> <span class='ocrx_word' id='word_1_272' title='bbox 520 3824 546 3861; x_wconf 85' lang='lat' dir='ltr'><strong>et</strong></span> <span class='ocrx_word' id='word_1_273' title='bbox 555 3812 582 3860; x_wconf 91' lang='lat' dir='ltr'><strong>in</strong></span> <span class='ocrx_word' id='word_1_274' title='bbox 592 3809 700 3882; x_wconf 87' lang='lat' dir='ltr'><strong>modum</strong></span> <span class='ocrx_word' id='word_1_275' title='bbox 711 3809 884 3863; x_wconf 83' lang='lat' dir='ltr'><strong>solitudinum</strong></span> <span class='ocrx_word' id='word_1_276' title='bbox 931 3831 1013 3884; x_wconf 89' lang='lat' dir='ltr'><strong>quum</strong></span> <span class='ocrx_word' id='word_1_277' title='bbox 1029 3815 1055 3863; x_wconf 90' lang='lat' dir='ltr'><strong>in</strong></span> <span class='ocrx_word' id='word_1_278' title='bbox 1070 3831 1129 3863; x_wconf 90' lang='lat' dir='ltr'><strong>eam</strong></span> <span class='ocrx_word' id='word_1_279' title='bbox 1147 3815 1361 3885; x_wconf 76' lang='lat' dir='ltr'><strong>commigrasset,</strong></span> <span class='ocrx_word' id='word_1_280' title='bbox 1375 3835 1432 3868; x_wconf 82' lang='lat' dir='ltr'><strong>eam</strong></span> 
     </span>
     <span class='ocr_line' id='line_1_35' title="bbox 383 3887 1434 3965; baseline 0.009 -27"><span class='ocrx_word' id='word_1_281' title='bbox 383 3887 445 3940; x_wconf 89' lang='lat' dir='ltr'><strong>hinc</strong></span> <span class='ocrx_word' id='word_1_282' title='bbox 460 3887 545 3953; x_wconf 74' lang='lat' dir='ltr'><strong>silvae,</strong></span> <span class='ocrx_word' id='word_1_283' title='bbox 564 3889 627 3940; x_wconf 91' lang='lat' dir='ltr'><strong>inde</strong></span> <span class='ocrx_word' id='word_1_284' title='bbox 645 3903 737 3960; x_wconf 87' lang='lat' dir='ltr'><strong>aperta</strong></span> <span class='ocrx_word' id='word_1_285' title='bbox 755 3891 841 3959; x_wconf 88' lang='lat' dir='ltr'><strong>spatia</strong></span> <span class='ocrx_word' id='word_1_286' title='bbox 860 3903 885 3942; x_wconf 92' lang='lat' dir='ltr'><strong>et</strong></span> <span class='ocrx_word' id='word_1_287' title='bbox 930 3890 1050 3943; x_wconf 87' lang='lat' dir='ltr'><strong>babitare</strong></span> <span class='ocrx_word' id='word_1_288' title='bbox 1064 3893 1196 3963; x_wconf 72' lang='lat' dir='ltr'><strong>cupisset.</strong></span> <span class='ocrx_word' id='word_1_289' title='bbox 1208 3893 1270 3943; x_wconf 81' lang='lat' dir='ltr'><strong>Nou</strong></span> <span class='ocrx_word' id='word_1_290' title='bbox 1282 3895 1434 3965; x_wconf 76' lang='lat' dir='ltr'><strong>praetermit-</strong></span> 
     </span>
     <span class='ocr_line' id='line_1_36' title="bbox 260 3969 1433 4044; baseline 0.003 -24"><span class='ocrx_word' id='word_1_291' title='bbox 260 4013 273 4028; x_wconf 80' lang='grc'><em>,</em></span> <span class='ocrx_word' id='word_1_292' title='bbox 383 3982 556 4040; x_wconf 86' lang='lat' dir='ltr'><strong>prospectus,</strong></span> <span class='ocrx_word' id='word_1_293' title='bbox 570 3972 701 4040; x_wconf 84' lang='lat' dir='ltr'><strong>magistris</strong></span> <span class='ocrx_word' id='word_1_294' title='bbox 714 3983 741 4022; x_wconf 91' lang='lat' dir='ltr'><strong>et</strong></span> <span class='ocrx_word' id='word_1_295' title='bbox 754 3969 885 4024; x_wconf 88' lang='lat' dir='ltr'><strong>machina·</strong></span> <span class='ocrx_word' id='word_1_296' title='bbox 930 3969 1012 4022; x_wconf 86' lang='lat' dir='ltr'><strong>tenda</strong></span> <span class='ocrx_word' id='word_1_297' title='bbox 1024 3983 1112 4022; x_wconf 85' lang='lat' dir='ltr'><strong>tamen</strong></span> <span class='ocrx_word' id='word_1_298' title='bbox 1129 3973 1195 4023; x_wconf 87' lang='lat' dir='ltr'><strong>ritus</strong></span> <span class='ocrx_word' id='word_1_299' title='bbox 1207 3975 1290 4038; x_wconf 87' lang='lat' dir='ltr'><strong>sacri,</strong></span> <span class='ocrx_word' id='word_1_300' title='bbox 1306 3975 1351 4044; x_wconf 91' lang='lat' dir='ltr'><strong>qui</strong></span> <span class='ocrx_word' id='word_1_301' title='bbox 1366 3991 1433 4044; x_wconf 74' lang='lat' dir='ltr'><strong>pra·</strong></span> 
     </span>
     <span class='ocr_line' id='line_1_37' title="bbox 383 4048 1336 4122; baseline 0.002 -22"><span class='ocrx_word' id='word_1_302' title='bbox 383 4049 485 4101; x_wconf 82' lang='lat' dir='ltr'><strong>toribus</strong></span> <span class='ocrx_word' id='word_1_303' title='bbox 506 4049 600 4102; x_wconf 85' lang='lat' dir='ltr'><strong>Severo</strong></span> <span class='ocrx_word' id='word_1_304' title='bbox 620 4063 646 4101; x_wconf 91' lang='lat' dir='ltr'><strong>et</strong></span> <span class='ocrx_word' id='word_1_305' title='bbox 663 4049 770 4115; x_wconf 87' lang='lat' dir='ltr'><strong>Celere,</strong></span> <span class='ocrx_word' id='word_1_306' title='bbox 789 4048 885 4121; x_wconf 87' lang='lat' dir='ltr'><strong>quibus</strong></span> <span class='ocrx_word' id='word_1_307' title='bbox 930 4049 1023 4102; x_wconf 87' lang='lat' dir='ltr'><strong>cedere</strong></span> <span class='ocrx_word' id='word_1_308' title='bbox 1036 4049 1150 4118; x_wconf 84' lang='lat' dir='ltr'><strong>solebat,</strong></span> <span class='ocrx_word' id='word_1_309' title='bbox 1166 4052 1336 4122; x_wconf 83' lang='lat' dir='ltr'><strong>significatio.</strong></span> 
     </span>
     <span class='ocr_line' id='line_1_38' title="bbox 381 4126 1433 4198; baseline 0.003 -20"><span class='ocrx_word' id='word_1_310' title='bbox 381 4129 518 4197; x_wconf 78' lang='lat' dir='ltr'><strong>ingenium</strong></span> <span class='ocrx_word' id='word_1_311' title='bbox 537 4140 564 4179; x_wconf 91' lang='lat' dir='ltr'><strong>et</strong></span> <span class='ocrx_word' id='word_1_312' title='bbox 585 4126 697 4180; x_wconf 86' lang='lat' dir='ltr'><strong>audacia</strong></span> <span class='ocrx_word' id='word_1_313' title='bbox 716 4141 788 4195; x_wconf 84' lang='lat' dir='ltr'><strong>erat,</strong></span> <span class='ocrx_word' id='word_1_314' title='bbox 807 4129 884 4180; x_wconf 87' lang='lat' dir='ltr'><strong>etiam</strong></span> <span class='ocrx_word' id='word_1_315' title='bbox 969 4147 1008 4182; x_wconf 88' lang='lat'><strong>11.</strong></span> <span class='ocrx_word' id='word_1_316' title='bbox 1037 4132 1160 4198; x_wconf 84' lang='lat' dir='ltr'><strong>Fossam,</strong></span> <span class='ocrx_word' id='word_1_317' title='bbox 1185 4146 1237 4184; x_wconf 91' lang='lat' dir='ltr'><strong>etc.</strong></span> <span class='ocrx_word' id='word_1_318' title='bbox 1259 4134 1344 4184; x_wconf 85' lang='lat' dir='ltr'><strong>Tacit.</strong></span> <span class='ocrx_word' id='word_1_319' title='bbox 1367 4132 1386 4184; x_wconf 93' lang='lat' dir='ltr'><strong>l.</strong></span> <span class='ocrx_word' id='word_1_320' title='bbox 1410 4150 1433 4183; x_wconf 89' lang='lat' dir='ltr'><strong>c.</strong></span> 
     </span>
     <span class='ocr_line' id='line_1_39' title="bbox 387 4206 1434 4280; baseline 0.004 -23"><span class='ocrx_word' id='word_1_321' title='bbox 387 4224 443 4276; x_wconf 70' lang='lat' dir='ltr'><strong>quse</strong></span> <span class='ocrx_word' id='word_1_322' title='bbox 459 4221 553 4259; x_wconf 87' lang='lat' dir='ltr'><strong>natura</strong></span> <span class='ocrx_word' id='word_1_323' title='bbox 569 4206 765 4278; x_wconf 85' lang='lat' dir='ltr'><strong>denegavisset,</strong></span> <span class='ocrx_word' id='word_1_324' title='bbox 785 4226 832 4278; x_wconf 87' lang='lat' dir='ltr'><strong>per</strong></span> <span class='ocrx_word' id='word_1_325' title='bbox 845 4227 885 4260; x_wconf 87' lang='lat' dir='ltr'><strong>ar-</strong></span> <span class='ocrx_word' id='word_1_326' title='bbox 933 4210 1089 4280; x_wconf 76' lang='lat' dir='ltr'><strong>«Namque,</strong></span> <span class='ocrx_word' id='word_1_327' title='bbox 1111 4208 1143 4261; x_wconf 85' lang='lat' dir='ltr'><strong>ab</strong></span> <span class='ocrx_word' id='word_1_328' title='bbox 1162 4209 1223 4262; x_wconf 83' lang='lat' dir='ltr'><strong>lacu</strong></span> <span class='ocrx_word' id='word_1_329' title='bbox 1241 4212 1347 4264; x_wconf 80' lang='lat' dir='ltr'><strong>Averno</strong></span> <span class='ocrx_word' id='word_1_330' title='bbox 1361 4212 1434 4264; x_wconf 77' lang='lat' dir='ltr'><strong>navi-</strong></span> 
     </span>
    </p>
   </div>
   <div class='ocr_carea' id='block_1_3' title="bbox 0 0 1551 5142">
    <p class='ocr_par' dir='ltr' id='par_1_3' title="bbox 0 0 1551 5142">
     <span class='ocr_line' id='line_1_40' title="bbox 0 0 1551 5142; baseline 0 0"><span class='ocrx_word' id='word_1_331' title='bbox 0 0 1551 5142; x_wconf 95' lang='lat' dir='ltr'><strong> </strong></span> 
     </span>
    </p>
   </div>
  </div>
 </body>
</html>
