3068 5144
388 499 454 578 aot
757 494 795 558 C.
821 491 1055 559 SUETONll

385 622 564 716 ptembris,
577 624 688 688 Druso
701 625 847 701 Caesare,
869 618 1032 688 Norbano.
1046 617 1181 701 Flacco,
1197 619 1416 691 Gonsttlibus5.

387 735 584 802 Genituram
596 729 684 824 ejus,
699 730 896 823 praediotam
910 729 1204 812 a'mathernaticis,
1219 732 1265 798 its
1276 752 1418 824 parentes

388 831 653 924 exhorruerunt,
662 859 702 909 ut
712 857 808 935 pater
816 864 938 931 magno
949 864 1051 934 opere
1063 864 1197 932 semper
1206 843 1418 927 contenderit,

387 979 431 1022 ne
445 979 512 1048 qua
524 955 554 1020 ei
573 954 746 1044 provincia
757 953 833 1018 vivo
846 974 882 1018 se
888 954 1177 1034 -committeretur;
1190 969 1298 1020 mater
1309 971 1340 1020 et
1350 957 1420 1021 mis-

387 1089 463 1134 sum
473 1064 516 1131 ad
525 1062 689 1153 legiones,
701 1078 735 1128 et
744 1059 951 1154 appellatum
961 1065 1220 1152 Imperatorem,
1233 1086 1295 1153 pro
1306 1061 1421 1132 afflicto

388 1176 499 1241 statim
509 1171 689 1238 lamentata
698 1173 750 1248 sit,
763 1169 944 1235 Pueritiam
952 1168 1422 1263 primamqueadolescentiam
1527 1261 1528 1264 Ἴ

387 1288 522 1382 Capreis
535 1286 603 1374 egit
613 1284 701 1348 inter
710 1281 888 1348 Tiberiana
901 1297 1025 1362 scorta,
1037 1298 1071 1348 et
1079 1283 1152 1374 ipse
1164 1300 1327 1373 perpetuo
1338 1287 1424 1374 Spin-

387 1399 460 1464 triae
473 1391 696 1486 cognomine⁶
712 1405 863 1471 notatus,
876 1390 1153 1485 existimatusque
1167 1395 1316 1484 corporis
1328 1395 1423 1484 gratia

388 1508 521 1573 initium
535 1519 570 1570 et
582 1523 683 1569 caiisa
697 1501 983 1567 incrementorum
991 1501 1083 1590 ‘patri
1097 1497 1212 1568 sitisse.

435 1626 491 1689 lV.
511 1620 669 1713 Sequenti
686 1641 822 1712 quoque
840 1633 937 1684 aetste
956 1617 1113 1685 omnibus
1126 1618 1260 1710 probris
1274 1621 1425 1688 contami·

388 1717 486 1800 natus
497 1748 520 1811 ¹,
539 1731 751 1823 praecipuum
770 1729 806 1793 in
819 1726 896 1794 aula
910 1724 1024 1794 locum
1038 1729 1164 1811 tenuit,
1179 1730 1258 1797 Caio
1272 1752 1333 1820 per
1343 1730 1424 1796 auri-

388 1842 488 1934 gandi
498 1895 507 1924 ,
517 1839 656 1909 Claudio
665 1863 725 1931 per
737 1835 817 1906 aleae
830 1836 980 1906 studium
991 1838 1180 1922 familiari53
1191 1839 1251 1908 sed
1260 1838 1425 1934 aliquanto

388 1956 511 2022 Neroni
523 1953 690 2044 acceptior
700 1965 731 2033 ²,
745 1973 852 2043 quum
863 1966 1002 2042 propter
1016 1949 1133 2018 eadem
1145 1949 1234 2031 baec,
1249 1969 1322 2018 tum
1334 1975 1427 2045 pecu·

388 2066 461 2134 liari
471 2066 607 2145 merito,
618 2060 709 2156 quod
721 2060 906 2153 praesidens
917 2063 1090 2129 certamini
1103 2065 1256 2128 Neroneo
1262 2061 1288 2144 3,
1300 2064 1427 2153 cupien-

389 2193 456 2244 tem
473 2178 560 2242 inter
574 2171 773 2240 cithuroedos
788 2170 1007 2254 contendere,
1022 2193 1101 2254 neo,
1114 2174 1268 2265 quamvis
1280 2169 1426 2263 flagitan-

388 2286 478 2354 tibus
498 2286 644 2364 cunctis,
663 2285 857 2376 promittere
878 2280 1076 2363 audentem,
1098 2281 1242 2375 ideoque
1259 2304 1426 2375 egressum

388 2395 540 2489 theatro,
561 2410 795 2474 revocaverat,
822 2394 918 2488 quasi
941 2393 1188 2484 perseverantis
1208 2389 1327 2484 populi
1346 2389 1427 2482 lega-

388 2507 479 2572 tione
493 2519 663 2594 suscepta,
678 2500 953 2596 exorandumque
968 2501 1191 2594 praebueratl.

435 2628 473 2692 V.
495 2626 614 2691 Trium
634 2626 747 2716 itaque
769 2623 962 2714 Principum
985 2611 1207 2714 indulgentia,
1230 2644 1299 2688 non
1322 2619 1428 2688 solum

388 2733 588 2816 honoribus,
603 2758 720 2801 verum
732 2750 766 2801 et
777 2735 971 2802 sacerdotiis
983 2734 1199 2828 amplissimis
1212 2751 1347 2832 auctus,
1358 2757 1431 2828 pro·

388 2976 423 3030 od
433 2979 553 3046 Excerpt.
566 2975 675 3028 Peiresc.
687 2975 784 3028 inserta
794 2974 889 3049 Xipbi·
932 2988 958 3029 et
970 2979 1065 3046 saginae
1079 2977 1247 3047 mancipatus
1262 2988 1428 3046 cantusque.-

388 3055 435 3109 lin.
448 3057 541 3120 LXVI,
554 3073 585 3125 9,
598 3054 717 3127 aliosque
729 3055 787 3108 aliis
800 3056 873 3108 locis.
968 3056 993 3106 3.
1009 3055 1151 3108 Certamini
1161 3057 1290 3108 Neroneo.
1300 3054 1368 3108 vide
1380 3056 1431 3106 Ne·

424 3136 448 3188 5.
462 3137 543 3188 Druso
557 3136 665 3201 Cessare,
676 3137 800 3188 Norbano
813 3134 888 3187 Flac·
932 3153 990 3185 ron.
999 3151 1058 3205 esp.
1070 3151 1099 3184 in
1109 3146 1135 3186 et
1144 3136 1317 3187 ar.Geterurn
1327 3134 1429 3186 Mulier.

388 3233 431 3278 co,
447 3213 611 3275 Consulibu55
626 3214 656 3264 A.
669 3215 701 3264 U.
718 3212 777 3283 768.
789 3215 828 3266 De
840 3232 888 3265 an·
931 3212 1431 3285 inScbedisoonjiciebatNeronemcn·

388 3293 428 3342 nis
441 3291 500 3341 vitus
512 3290 608 3342 Vitellii
622 3289 681 3342 vide
694 3289 727 3343 sd
743 3311 802 3361 cap.
819 3291 858 3344 18.
930 3293 1055 3364 piantem.

424 3368 449 3420 6.
468 3369 590 3438 Spintn'oe
607 3371 823 3440 sequanenses.
841 3371 888 3420 Ti·
960 3369 1433 3444 4.Exorandnmqueproebuerat.llaec

388 3447 443 3500 ber.
459 3448 506 3513 433
522 3460 548 3498 et
562 3447 644 3518 Calig.
660 3449 705 3513 16,
719 3463 774 3504 not.
791 3451 830 3500 De
842 3451 889 3502 Vi·
933 3451 1094 3519 optimorum
1107 3449 1192 3502 Codd.
1206 3464 1233 3502 et
1246 3449 1321 3502 editt.
1339 3463 1379 3502 est
1395 3449 1433 3501 le-

389 3525 460 3578 tellio
475 3528 607 3578 consentit
620 3526 719 3596 Xiphil.
734 3527 825 3594 LXlV,
839 3530 863 3596 4.
933 3530 994 3579 ctio.
1007 3527 1049 3578 Al.
1060 3529 1210 3600 praebuerit,
1224 3541 1254 3580 ut
1264 3530 1383 3599 proxime
1396 3546 1434 3579 re·

423 3606 467 3656 tv.
484 3621 505 3656 r.
519 3606 643 3656 Omnibus
654 3607 752 3673 probris
762 3610 887 3660 contami·
934 3609 1074 3674 oocavm't,
1091 3609 1163 3682 quod
1175 3624 1215 3663 est
1226 3625 1319 3663 contre
1334 3611 1433 3663 lntini·

388 3695 471 3737 natus.
485 3681 584 3752 Nipliil.
597 3684 675 3747 LxV,
690 3701 713 3736 2.
932 3701 1013 3738 tatem
1028 3691 1054 3738 in
1069 3709 1111 3754 re,
1129 3709 1208 3760 quam
1223 3704 1358 3760 procerte
1372 3709 1435 3742 nar·

425 3779 448 3814 a.
468 3763 556 3816 Sed...
572 3763 671 3815 Neroni
684 3765 821 3835 acceptior,
836 3777 885 3816 etc.
931 3780 971 3818 rat
985 3782 1095 3831 aneton
1111 3767 1146 3820 al.
1166 3772 1293 3822 omittunt
1309 3771 1436 3841 copulam

388 3843 472 3894 Tacit.
492 3843 557 3892 llist.
577 3843 615 3906 ll,
638 3859 685 3910 71,
707 3861 843 3914 suamque
862 3858 888 3895 et
932 3867 994 3920 que,
1008 3868 1063 3920 quo
1077 3848 1258 3922 distorquetur
1277 3853 1372 3903 oratio.
1385 3853 1436 3902 Ar·

388 3921 520 3972 Neronem
537 3921 622 3991 ipsum
639 3919 758 3972 Vitellius
772 3920 887 3972 admira·
932 3927 1435 4001 queanturEmestiusetoudendorp„

389 4001 461 4052 tione
479 3999 646 4067 celebrabat,
665 4003 759 4052 sectari
779 4014 888 4053 caman·
932 4007 976 4058 ille
991 4007 1104 4060 suadens
1120 4020 1269 4076 exoratum,
1286 4010 1330 4062 vel
1346 4028 1436 4083 aqua.

390 4092 442 4130 tem
459 4079 632 4145 solitus,non
649 4082 817 4146 necessitate,
836 4099 887 4151 qua
933 4087 1006 4137 si....
1033 4101 1166 4140 exoratum
1188 4089 1366 4160 prebuerit„
1391 4089 1436 4141 bie

390 4156 587 4210 honestissimus
609 4161 736 4230 quisque,
757 4157 804 4211 sed
825 4159 887 4212 luxu
932 4161 1011 4214 deleri
1019 4163 1217 4233 jubensvocern
1224 4166 1436 4238 prebuerntfld
