3054 5152
391 532 452 600 162
761 533 797 594 C.
822 529 1055 597 SUETONH
1114 553 1119 562 ·

384 657 535 751 ctigalia²
558 673 617 724 aut
639 656 803 740 abolevit,
827 673 887 725 aut
905 660 1036 726 minuit.
1060 659 1199 726 Praemia
1222 655 1438 726 ³delatorum

384 774 494 864 Papiae
518 769 601 863 legis
623 769 666 837 ad
689 785 825 862 quartas
852 768 989 860 redegit
1013 771 1133 837 Divisis
1158 769 1287 863 populo
1311 773 1438 838 viritim

383 882 621 978 quadringenis
635 879 821 963 nummist,
837 883 1035 949 Senatorum
1046 879 1254 950 nobilissimo
1270 883 1435 976 ⁵cuique‚

382 993 442 1062 sed
456 1017 476 1060 a
491 1017 528 1060 re
539 992 692 1060 familiari
705 989 884 1073 destituto,
899 1016 1014 1060 annua
1031 991 1167 1074 salarie,
1181 1010 1214 1060 et
1225 991 1437 1087 quibusdam

383 1108 569 1199 quingena,
592 1104 785 1170 constituit:
808 1103 888 1168 item
910 1103 1119 1194 praetorianis
1142 1101 1342 1170 cohortibus
1365 1103 1437 1170 fru-

381 1231 534 1284 mentum
552 1229 766 1281 menstruum
786 1211 999 1303 gramitum⁶.
1022 1217 1066 1281 Et
1078 1237 1185 1309 quum
1202 1212 1245 1280 de
1265 1212 1436 1307 supplicio

418 1477 443 1507 2.
463 1453 589 1506 Graviora
602 1452 738 1526 vectigalia
746 1489 755 1518 ,
769 1464 819 1503 etc.
832 1453 882 1504 Ta·
926 1453 1003 1521 XIII,
1019 1454 1070 1518 31,
1088 1453 1251 1526 uplebeique
1265 1455 1436 1525 congiarium

381 1539 426 1588 cit.
438 1535 508 1586 Ano.
520 1533 596 1596 Xlll,
609 1526 652 1598 31,
668 1531 805 1602 uVectigal
817 1550 882 1603 quo·
926 1531 1099 1607 quadrinqettt'
1108 1535 1282 1586 numiviritim
1293 1533 1389 1602 dati„
1399 1536 1437 1586 uti

381 1635 433 1687 que
451 1613 546 1683 quintae
563 1623 588 1664 et
604 1612 733 1662 vicesimas
751 1611 882 1662 venalium
926 1607 1066 1680 legendnm
1085 1632 1179 1664 omnes
1200 1613 1319 1666 editores
1339 1613 1436 1666 iudea

381 1691 822 1762 mancipiorumrernissum,specie
831 1707 883 1741 ma·
926 1689 1016 1760 Lipsio
1030 1703 1204 1756 censuerunt,
1218 1709 1268 1762 pro
1282 1691 1360 1762 vulg.
1374 1711 1436 1764 qua-

378 1775 433 1842 qit,
443 1770 571 1843 quamsi:
585 1769 662 1840 quia,
674 1786 755 1839 quum
763 1767 883 1820 venditor
927 1767 1048 1840 drapani,
1058 1770 1189 1823 utetloco
1200 1784 1293 1823 nostro
1304 1784 1436 1843 corrupte

380 1850 494 1922 pendere
505 1847 652 1918 juberetur,
667 1849 694 1898 in
708 1860 810 1918 partem
824 1865 882 1918 pre·
926 1847 1009 1900 Codd.
1020 1850 1199 1923 quadripertis,
1212 1864 1237 1902 et
1246 1849 1311 1904 inde
1322 1851 1436 1924 quadra·

379 1935 409 1985 tii
422 1930 566 1984 emtoribus
579 1927 756 1980 accrescebat.
769 1951 780 1975 ·
796 1927 882 1994 ldem,
922 1929 997 2000 petris
1015 1928 1138 1982 Ceterum
1147 1927 1202 1981 brec
1211 1930 1306 1996 verba,
1319 1933 1349 1982 in
1360 1930 1434 1982 editt.

379 2032 438 2084 cap.
451 2011 498 2076 50,
512 2006 628 2060 -Eodem
637 2025 706 2058 anno
717 2005 814 2076 (812),
825 2025 882 2058 ere·
924 2004 1057 2079 plerisque
1069 2010 1198 2080 superiori
1210 2013 1340 2062 commati
1353 2029 1436 2062 anno

380 2092 432 2142 bris
447 2087 541 2162 populi
553 2085 773 2156 flagitationibus,
788 2088 881 2136 immo·
925 2107 971 2154 xa,
982 2107 1044 2140 eum
1052 2087 1176 2142 Oudend.
1184 2093 1309 2162 sequenti
1319 2093 1434 2144 attexui·

381 2173 493 2223 ‹lestiam
510 2166 714 2240 publicanorum
731 2166 880 2236 arguentis,
926 2184 1000 2233 mus,
1015 2185 1070 2238 quo
1084 2169 1224 2238 pertinent.

379 2249 507 2301 dubitavit
519 2249 607 2312 Nero,
619 2264 652 2296 an
665 2256 760 2296 cuncta
770 2245 881 2313 vectifla·
961 2245 986 2297 5.
995 2246 1151 2298 Senatorum
1160 2247 1322 2301 nobilissimo
1330 2250 1435 2323 cut'qtte,

381 2329 415 2379 lin
430 2327 514 2378 omitti
525 2323 645 2393 juberet,
660 2321 741 2392 idque
754 2320 882 2392 pulcher·
925 2337 975 2375 etc.
995 2326 1035 2376 uti
1048 2323 1154 2378 Valerio
1170 2325 1305 2391 Messalae,
1322 2327 1434 2399 college

379 2411 474 2459 nurum
498 2403 597 2453 donum
619 2403 708 2471 generi
731 2399 880 2452 mortalium
925 2403 1106 2456 inconsulatu
1120 2423 1183 2457 ann.
1201 2406 1261 2458 tn.
1274 2407 1366 2460 Tacit.
1380 2411 1435 2460 An·

378 2486 463 2537 «leret.
475 2481 526 2534 Sed
538 2482 663 2550 impeturn
679 2481 751 2548 ejus,
768 2480 879 2530 multum
924 2479 976 2533 nal.
989 2482 1065 2545 Xlll,
1077 2483 1128 2550 34,
1145 2483 1250 2536 snobili
1262 2483 1375 2537 familiae
1385 2486 1437 2538 bo-

380 2565 454 2636 prius
467 2557 574 2611 laudata
588 2555 768 2628 magnitudine
783 2559 878 2623 animi,
924 2577 975 2612 nor
986 2575 1080 2614 auctus
1093 2575 1147 2627 est,
1164 2563 1257 2616 oblatis
1269 2564 1297 2615 itt
1312 2565 1435 2640 sinpulos

379 2643 508 2696 attinuere
519 2634 880 2700 Senatores,dissoluti0nem
923 2658 1007 2693 annos
1023 2643 1160 2716 quingenis
1173 2645 1313 2709 Sestertiis,
1332 2646 1433 2717 quibus

380 2720 484 2792 imperii
495 2713 636 2781 docendo,
652 2715 674 2764 si
688 2713 806 2781 fruetus,
820 2716 880 2785 qui·
924 2721 1037 2774 Messala
1046 2735 1231 2793 paupertatem
1242 2725 1386 2778 innoxiam
1394 2745 1436 2780 sn·

379 2803 429 2854 bns
447 2794 571 2869 Respubl.
588 2796 776 2858 sustineretur,
795 2792 879 2845 demi·
924 2811 1060 2854 stentaret.
1070 2801 1177 2854 Aurelio
1188 2821 1296 2874 quoque
1306 2805 1397 2858 Cottae
1409 2821 1435 2858 et

379 2889 533 2940 nuerentur,
550 2888 598 2926 etc.
611 2896 622 2921 ι
637 2871 702 2924 Vide
716 2886 742 2922 et
756 2890 815 2943 cap.
831 2871 879 2940 51,
922 2881 1030 2934 Haterio
1038 2880 1155 2932 Antonio
1162 2899 1279 2934 corruam
1287 2886 1434 2954 persertim

380 2961 426 3013 ubi
445 2957 530 3010 edicta
548 2965 684 3017 recenset,
702 2971 733 3004 ex
751 2954 879 3023 Principis
923 2961 1015 3010 statuit
1029 2960 1171 3031 Princeps,
1185 2963 1305 3032 quamtis
1323 2981 1378 3032 per
1394 2962 1435 3016 lu-

379 3037 543 3108 benlgnitate
566 3033 707 3104 prolecta,
733 3029 877 3104 additque:
924 3055 986 3089 xum
996 3040 1077 3091 antas
1087 3059 1153 3111 opes
1162 3039 1372 3111 dissipassem.-
1387 3047 1435 3097 Ge·

382 3117 514 3186 taliaque
527 3111 752 3182 admodumque
762 3109 878 3183 (edixit),
924 3129 1025 3184 terum,
1040 3137 1096 3170 non
1113 3119 1259 3173 omittenda
1278 3119 1341 3174 loco
1359 3137 1433 3178 nott.

378 3216 437 3269 quse
447 3195 521 3247 brevi
532 3205 647 3256 servata,
658 3190 717 3242 dein
730 3191 824 3244 frustra
834 3189 881 3246 ltu·
924 3213 986 3247 cum
998 3193 1071 3248 libris
1085 3196 1220 3252 nonnullis
1237 3203 1395 3270 praepositio
1406 3223 1433 3255 e.

378 3278 433 3328 bita
453 3287 522 3326 sunt.
544 3275 634 3324 Manet
655 3285 742 3323 tamen
766 3267 878 3322 abolitio
923 3275 963 3326 lta
977 3275 1047 3326 enim
1059 3275 1191 3330 destitutus
1203 3289 1243 3332 est
1254 3281 1324 3332 infra
1339 3297 1363 3333 c.
1378 3281 1435 3348 32,

380 3352 584 3425 quadragesimas
594 3349 879 3420 quinquagesimaeque,
924 3365 951 3403 et
971 3349 1090 3405 additum
1107 3375 1123 3406 a
1144 3374 1171 3407 re
1183 3356 1334 3427 familiari,
1354 3357 1385 3411 b.
1409 3379 1433 3414 e.

378 3449 405 3488 et
413 3453 468 3507 quae
479 3432 530 3484 alia
537 3429 717 3483 exactionibus
728 3429 825 3482 illicitis
835 3449 880 3482 no·
924 3431 997 3502 quod
1015 3435 1108 3485 attinet
1127 3433 1162 3486 ad
1180 3453 1236 3487 rem
1254 3435 1432 3506 familiarem,

378 3517 450 3566 mina
459 3511 594 3584 publicani
603 3511 764 3561 invenemnt.
775 3534 786 3556 ι
800 3511 878 3564 Gonf.
924 3509 1054 3578 ostendit,
1071 3531 1123 3583 qua
1138 3532 1166 3566 re
1178 3513 1278 3566 fuerint
1290 3515 1433 3582 destituti,

377 3595 449 3664 Lips.
462 3591 495 3642 ad
510 3590 583 3642 locos
594 3590 639 3641 cit.
924 3608 1006 3660 quum
1018 3589 1051 3642 de
1062 3593 1139 3645 trariis
1153 3592 1233 3646 rebus
1248 3593 1301 3646 boc
1313 3615 1434 3667 usurpe-

414 3673 440 3724 3.
460 3671 573 3722 Proemt’a
586 3668 747 3733 delatorum,
761 3681 810 3719 etc.
825 3665 876 3720 boc
922 3683 973 3722 tur.
982 3671 1236 3747 Moxqut'rtqucpena
1244 3672 1354 3728 collatio
1362 3677 1434 3730 Mul-

378 3761 431 3814 est,
442 3745 606 3799 delatoribus
616 3761 720 3809 eorum,
731 3745 775 3816 qui
785 3757 877 3796 contra
921 3751 983 3818 leri,
996 3769 1011 3802 ι
1024 3771 1079 3824 quo
1092 3753 1232 3825 probatur,

377 3829 462 3900 legam
481 3827 589 3896 Pupiam
609 3827 746 3895 Poppaeam
768 3843 876 3895 peccas·
956 3828 982 3880 6.
990 3831 1086 3882 Item..
1088 3832 1256 3902 frumentum
1264 3844 1432 3888 meastntunt

378 3919 450 3971 sent,
461 3918 581 3977 quartam
591 3915 694 3956 tantum
703 3915 805 3972 partem
814 3923 877 3976 pra·
918 3912 1070 3983 qratnitttm.
1083 3912 1167 3964 Tacit.
1179 3913 1237 3980 XV,
1251 3931 1301 3984 7²t
1316 3913 1350 3966 ad
1363 3934 1430 3968 ann.

377 3988 509 4051 mierum,
530 3994 683 4056 queuntes
703 3998 876 4052 acceperant,
922 3987 988 4054 819,
1014 3987 1096 4040 -ttina
1122 4007 1233 4042 nuatum
1258 3990 1342 4044 millia
1365 3995 1432 4046 viri-

378 4063 529 4136 darijussit.
920 4065 968 4116 tim
977 4065 1187 4137 manipularibus
1197 4069 1300 4136 divisit,
1312 4071 1432 4126 addidit-

412 4147 437 4211 4.
462 4138 671 4211 Divitispopttlo
693 4139 789 4191 viritim
808 4159 874 4210 qua·
921 4160 972 4213 que
995 4145 1051 4196 tine
1068 4147 1152 4217 pretio
1166 4148 1351 4220 formentum,
1372 4169 1429 4222 quo

378 4222 505 4295 dtinqertt't
531 4217 650 4270 nummis.
671 4217 755 4268 Tacit.
780 4219 873 4270 Annal.
921 4237 980 4273 ante
997 4241 1028 4274 ex
1045 4224 1126 4276 modo
1144 4245 1255 4280 annone
1266 4227 1427 4283 utebantur.
