3076 5146
425 509 491 590 rso
714 545 719 558 .
801 505 837 570 c.
863 505 1098 572 soeronrr

561 628 703 692 Custodis
719 629 803 690 ridet
815 627 959 692 hortulos
974 631 1109 714 Priapi²,

562 729 704 800 Miretur,
717 727 832 810 quibus
846 727 899 790 ille
912 728 1086 811 disciplinis

562 828 695 886 Tantam
711 826 750 885 sit
763 826 947 910 sapientiam
962 840 1127 901 assecutus,

562 917 665 1004 Quem
677 917 739 985 tres¹
751 925 911 1002 cauliculi,
926 937 956 986 et
966 925 1078 986 selibra
1090 925 1197 1001 farris,

561 1021 685 1084 Racemi
700 1022 779 1098 duo,
793 1021 897 1104 tegula
911 1017 969 1082 sub
982 1017 1065 1083 una³

472 1119 476 1130 ⁴
563 1115 608 1180 Ad
620 1136 775 1180 summam
789 1107 884 1202 prope
898 1119 1039 1179 nutriant
1050 1131 1213 1197 senectam.

470 1279 512 1342 Et
523 1274 612 1368 idem
623 1295 742 1342 rursus
753 1301 760 1341 :

563 1433 686 1494 Catonis
697 1432 809 1508 modo,
823 1432 926 1508 Galle,
937 1432 1150 1494 Tusculanum

562 1531 641 1590 Tota
656 1529 791 1591 creditor
804 1525 882 1590 urbe
893 1529 1082 1591 venditabat.

562 1629 670 1690 Mirati
684 1647 804 1705 sumus,
819 1630 950 1690 unicum
962 1630 1161 1711 magisuum,

562 1729 726 1788 Summum
740 1728 994 1807 grammaticum,
1010 1728 1167 1810 optimum
1178 1741 1315 1808 poetam,

563 1826 679 1885 Omnes
691 1823 806 1885 solvere
813 1826 904 1908 'posse
915 1825 1114 1907 questiones,

563 1921 668 1981 Unum
680 1917 808 1981 difficile
820 1917 961 2003 expedire
975 1942 1102 1981 nomen.

565 2021 613 2078 En
626 2007 697 2079 cori
710 2017 875 2102 Zenodoti,
890 2040 930 2079 en
939 2015 1027 2099 jecur
1038 2014 1182 2078 Cratetis!

471 2178 546 2242 Xll.
571 2176 752 2242 Coeranus
771 2176 949 2255 Erremus,
968 2174 1064 2240 Lucii
1081 2170 1227 2240 Cornelii
1248 2170 1345 2240 Sullae
1361 2172 1456 2238 Dicta-

423 2287 506 2353 toris
518 2282 674 2365 libertus,
689 2282 889 2378 Calatorque
903 2285 938 2349 in
953 2281 1139 2351 sacerdotio
1153 2281 1321 2376 augurali,
1335 2279 1456 2374 filioque

424 2396 498 2491 ejus
510 2403 633 2464 Fausto
645 2397 853 2489 gratissimus
865 2394 944 2462 fuit:
959 2421 1063 2490 quare
1077 2419 1255 2490 nunquam
1270 2419 1338 2464 non
1348 2396 1457 2461 utrius·

423 2531 537 2603 queso
548 2505 707 2574 libertum
720 2503 833 2575 edidit.
850 2505 990 2574 Librum
1001 2523 1129 2589 autem,
1146 2530 1248 2601 quem
1261 2497 1350 2576 Sulla
1358 2505 1455 2572 novis-

424 2621 547 2686 simum
565 2615 607 2685 de
626 2618 726 2686 rebus
746 2617 816 2686 suis
834 2615 1069 2710 imperfectum
1087 2613 1285 2712 reliquerat,
1304 2615 1372 2707 ipse
1390 2637 1457 2705 sup·

423 2728 538 2822 plevit.
1258 2803 1264 2816 ¹

470 2861 564 2926 XllI.
589 2861 762 2925 Srarsrnros
783 2861 867 2926 Eros
889 2855 972 2925 hero
991 2882 1054 2926 suo
1077 2873 1187 2924 emtus
1208 2855 1251 2923 de
1273 2871 1407 2936 catasta,
1428 2869 1456 2918 et

424 2982 562 3063 propter
575 2966 749 3036 literarum
763 2963 912 3035 studium
929 2967 1174 3050 manumissus,
1191 2963 1307 3035 docuit
1322 2967 1402 3033 inter
1412 2987 1455 3030 ce-

423 3097 514 3147 teros
534 3085 675 3150 Brutum
689 3095 723 3148 et
738 3082 901 3148 Cassium.
919 3085 1019 3161 Sunt,
1039 3083 1099 3175 qui
1114 3078 1266 3162 tradant,
1284 3091 1374 3146 tanta
1389 3093 1455 3143 eutn

424 3190 598 3259 honestate
616 3189 813 3284 preditum,
831 3206 870 3258 ut
886 3191 1095 3287 temporibus
1110 3189 1254 3261 Sullanis
1270 3189 1455 3286 proscripto

461 3438 485 3472 a.
498 3421 614 3474 Custodis
622 3421 694 3473 videt
701 3421 817 3474 hortulos
826 3421 926 3494 Priapi.
971 3423 1066 3494 Priapi
1085 3435 1171 3474 autern
1190 3420 1289 3474 <licitur
1303 3439 1354 3492 pro
1368 3417 1457 3471 timo&

424 3495 567 3571 corrigunt
581 3521 587 3552 ι
610 3523 620 3548 ι
634 3501 754 3555 Custodes
773 3499 850 3555 videt
865 3499 926 3555 dor·
971 3499 1087 3571 Priapo,
1098 3513 1124 3552 et
1136 3501 1164 3551 in
1176 3500 1235 3571 ipso
1245 3497 1298 3551 hot
1309 3497 1457 3569 genitirocst

424 3576 927 3654 tali‚»vel·lotralol'riapor,·qao
971 3579 1055 3650 lepos.
1410 3627 1411 3630 ,

425 3657 515 3708 nescio
529 3675 563 3708 an
574 3671 666 3728 pereat
680 3658 768 3729 aliqua
780 3679 840 3730 pars
854 3658 928 3731 lepo-
1007 3659 1033 3711 3.
1050 3657 1150 3734 Tepula
1160 3661 1205 3712 sub
1218 3677 1282 3710 una.
1296 3661 1456 3730 Conlocetur!

424 3736 460 3789 ris
475 3738 607 3788 carminis.
619 3738 649 3788 lu
661 3737 757 3807 plurali
771 3737 863 3790 saltem
873 3738 928 3790 lior·
971 3738 1014 3790 sub
1022 3738 1089 3805 ima,
1099 3739 1143 3790 sub
1152 3739 1217 3803 uda,
1228 3739 1273 3789 rub
1283 3739 1352 3807 ipsa,
1364 3737 1455 3809 queris

425 3814 493 3869 tulos
509 3834 566 3868 non
584 3829 640 3868 erat
658 3815 826 3884 barensium,
845 3833 927 3891 quum
971 3815 1130 3888 protulerim
1140 3817 1384 3888 geminantem.

424 3892 520 3966 plurali
533 3897 683 3967 prorniscue
697 3896 736 3949 uti
748 3897 852 3950 soleant
861 3918 926 3971 poe·
1006 3895 1032 3962 4.
1051 3897 1094 3948 En
1113 3915 1173 3964 cor,
1192 3909 1243 3949 etc.
1266 3895 1317 3949 cor
1329 3894 1418 3947 Latinis
1429 3887 1455 3940 de

422 3973 926 4044 treprosingulari,etinhocrocabulo
969 3968 1111 4047 prudentia
1120 3967 1275 4028 (licinoturn
1285 3987 1337 4028 est:
1338 3978 1456 4046 jecona-

421 4053 588 4124 frequentior
605 4055 685 4107 etiarn
700 4053 772 4126 apud
788 4057 925 4126 prosaicos
971 4053 1032 4105 deur
1039 4055 1138 4127 ingenii
1145 4054 1339 4126 significatione
1349 4051 1455 4123 positum,

420 4131 531 4202 pluralis
542 4134 575 4185 sit
586 4149 660 4186 nsua.
670 4135 711 4187 Gi.
721 4135 878 4206 Heusinger.
891 4136 926 4188 ad
971 4145 1077 4185 scritura
1089 4133 1147 4185 iore
1158 4143 1262 4184 motato
1276 4129 1405 4184 vocabolo
1419 4144 1454 4194 ge·

421 4210 504 4261 Cicer.
515 4209 549 4262 de
558 4212 636 4264 Ollio.
650 4213 699 4277 ΙΙΙ,
713 4213 759 4278 14,
774 4225 798 4265 a.
811 4214 926 4266 (thstodis
969 4216 1061 4266 minat.
