3054 5152
521 546 659 612 NERO.
694 571 701 598 ·
754 533 784 548 Η
1053 573 1108 640 ¹9¹

78 681 134 773 ipsi
148 681 295 769 Sporus,
311 677 358 742 ita
375 677 447 766 ipse
464 671 639 765 denupsit,
656 695 756 740 voces
774 695 910 767 quoque
926 690 959 741 et
972 670 1116 766 ejulatus

77 792 138 858 vim
147 788 348 880 patientium
359 787 528 876 virgiuum
540 782 943 854 imitauts.Exuonnullis
954 791 1116 878 comperi,

78 900 365 993 persuasissimum
376 894 533 982 habuisse
544 919 633 976 eum,
645 895 814 962 neminem
826 893 1117 989 homiuem³pudi·

78 1037 165 1093 oum,
177 1026 238 1078 aut
248 1009 318 1078 ulla
331 1011 480 1100 corporis
494 1024 589 1099 parte
606 1029 731 1099 purum
750 1029 839 1090 esee3
858 1029 975 1074 verum
990 1007 1117 1099 pleros-

78 1146 137 1218 que
146 1118 362 1188 dissimulare
375 1121 510 1199 vitium,
523 1133 557 1184 et
568 1117 689 1184 callide
702 1115 875 1208 obtegere:
890 1117 1032 1212 ideoque
1044 1142 1118 1210 pro

79 1233 165 1300 fessis
184 1227 279 1323 apud
298 1251 334 1296 se
353 1227 605 1296 obscoenitatem
625 1242 736 1294 cetera
756 1249 892 1321 quoque
913 1231 1118 1296 concessisse

78 1342 201 1413 delicta.

117 1457 217 1520 XXX.
244 1452 444 1518 Diuitiarum
457 1464 491 1516 et
505 1450 656 1540 pecuniae
669 1447 816 1514 fructum
829 1471 897 1515 nou
910 1447 1013 1515 alium
1027 1463 1119 1540 puta·

81 1561 148 1644 bat,
169 1585 276 1655 quam
296 1560 553 1652 profusionem:
576 1557 749 1626 sordidos¹
778 1581 819 1624 ec
838 1555 1000 1650 deparcos
1026 1583 1118 1643 esse,
1148 1625 1154 1636 .

1 1661 2 1708 ³
80 1673 192 1768 quibus
216 1675 448 1763 impensarum
464 1671 547 1736 ratio
567 1685 753 1750 constaret;
773 1669 952 1760 praeleutos
973 1693 1119 1766 vereque

1 1777 2 1850 ἶ
80 1781 286 1875 magnificos,
304 1783 363 1874 qui
378 1780 599 1846 abuterentur
612 1801 651 1846 ao
665 1776 856 1872 perderent.
873 1779 1047 1873 Laudabat
1057 1785 1119 1848 mi-

81 1895 276 1989 rabaturque
298 1891 506 1960 avunculum
534 1893 674 1958 Caium'
707 1889 803 1958 nullo
832 1894 939 1982 magis
966 1896 1120 1974 nornine,

1 1995 2 2056 f
82 2033 174 2103 quum
191 2006 450 2102 quod'iugeutes
462 2031 481 2072 a
494 2005 630 2073 Tiberio
646 2004 777 2072 relictas
791 2027 871 2097 opes
888 2009 923 2073 in
937 2003 1030 2074 brevi
1046 2031 1134 2102 spa-A

83 2122 122 2186 tio
138 2116 357 2212 prodegisset.
375 2122 487 2204 Quare
501 2139 564 2184 nec
580 2115 743 2207 largiendi
757 2139 822 2182 nec
837 2116 1037 2184 absumendi
1053 2143 1123 2186 mo-

83 2226 155 2296 dum
171 2231 292 2298 tenuit.
308 2233 349 2296 lu
364 2224 579 2311 Tiridateu³‚
598 2225 689 2321 quod
704 2229 759 2294 vix
773 2225 933 2294 credibile
949 2225 1120 2314 videatur,

84 2432 153 2505 longe
172 2443 280 2486 senecta
303 2431 462 2483 detinerem
485 2432 578 2482 Denu-
623 2429 656 2481 ad
670 2431 755 2481 Tacit.
769 2442 794 2482 et
805 2429 917 2483 Reimer.
930 2429 964 2481 ed
974 2431 1072 2502 xiphit.
1084 2433 1123 2485 lo-

84 2514 250 2584 psisseuutem
258 2510 338 2564 iidem
345 2511 578 2563 dicuntNerouesu
622 2525 668 2560 eos
683 2509 754 2577 cit),
769 2527 818 2580 ego
832 2527 886 2560 uon
899 2509 1005 2562 delinio.

85 2611 131 2643 noa
148 2591 317 2662 Doryphoro,
338 2589 385 2641 sed
405 2589 578 2661 Pythoporaes
658 2586 683 2638 3.
703 2587 843 2639 Neminem
861 2587 1002 2640 hominem.
1016 2592 1122 2642 Memrn.

85 2672 158 2722 Tacit.
174 2669 269 2722 Auusl.
281 2669 337 2734 XV,
350 2669 382 2736 37
397 2667 512 2738 (slpse,
529 2685 579 2737 por
623 2669 768 2721 leoninum.
785 2670 848 2720 Mox
866 2669 963 2722 callide
977 2674 1090 2741 primum
1110 2692 1124 2725 e

85 2749 146 2804 licita
161 2765 241 2823 etque
255 2749 347 2800 illicitas
365 2747 493 2814 foedatus,
512 2745 579 2798 nibil
622 2747 695 2800 MSS.
708 2747 780 2800 dedit
792 2747 893 2801 Eruest.
902 2767 951 2820 pro
964 2749 1035 2821 vulg.
1048 2750 1125 2803 colli·

87 2827 166 2900 legitii
181 2827 340 2900 reliqueret,
360 2843 414 2896 quo
428 2827 584 2896 corruptior.
624 2827 903 2881 ditate-Concessisse
912 2842 952 2880 est
959 2831 1124 2895 condonasse,

88 2921 181 2978 egeret,
199 2909 249 2960 nisi
267 2923 368 2976 paucos
383 2918 444 2976 post
459 2903 515 2956 dies
533 2905 580 2954 uni
625 2907 758 2979 ipnouirse.
767 2905 834 2959 Vide
849 2907 971 2958 Oudeud.
984 2923 1009 2960 et
1022 2909 1123 2961 Ernest.

87 2985 167 3038 esillo
177 2987 419 3038 contaminatorum
433 2985 580 3053 gressuum
659 2985 741 3035 XXX.
765 3003 787 3036 ι.
806 2985 940 3047 Sos-didon
955 2984 1124 3052 μιιρόφροιις,

87 3081 176 3117 nomeu
188 3064 345 3138 Pythoporoe
356 3063 420 3127 fuit,
432 3064 458 3113 in
472 3060 579 3113 modum
625 3081 678 3134 quo
693 3064 786 3116 vocab.
800 3065 883 3114 utitur
896 3064 994 3134 Xipbil.
1010 3067 1080 3130 titt,
1095 3065 1125 3134 5,

87 3143 244 3196 sollemnium
278 3143 464 3212 conjugiorum
494 3138 581 3192 deuu·
624 3141 736 3194 ubivide
745 3144 858 3210 Reimar.
867 3141 900 3195 de
910 3143 996 3195 bocet
1005 3148 1125 3214 cognatis

87 3223 184 3291 psisset.
200 3220 313 3271 luditum
332 3220 489 3288 lmperetori
505 3216 581 3268 llam·
625 3221 702 3274 docte
722 3221 899 3274 disserentem.
916 3223 1007 3275 Horat.
1026 3225 1079 3276 Set.
1098 3227 1125 3292 l,

88 3294 581 3370 neumuisibuspiceudosetgenislis
627 3317 658 3366 s,
677 3315 724 3366 10,

88 3388 171 3443 ”ms
188 3390 213 3429 ‘l
231 3377 305 3428 Μ’
318 3375 468 3445 ¹¹¹¹P¹l¹l⁰⁸i
485 3387 582 3426 cumn
626 3393 733 3438 Sordidus
741 3403 802 3450 etque
811 3396 882 3436 enimi
891 3396 945 3451 quod
953 3397 1019 3452 parvi
1028 3397 1080 3440 nolit
1088 3397 1127 3440 bu-

3 3511 4 3514 ,
88 3453 583 3527 deniquespsctata,qureetiemiufe·
693 3457 744 3500 beri.

89 3539 152 3587 runa
163 3553 213 3586 uox
223 3537 318 3606 operit.
325 3534 352 3601 ¹)
362 3546 389 3585 et
399 3532 477 3604 xiph.
489 3533 582 3597 thss,
626 3535 736 3590 Sordide
746 3555 778 3587 er
787 3538 844 3606 ipsa
854 3535 1017 3608 etymologiae
1024 3542 1127 3593 ratione

91 3613 132 3678 13,
144 3615 239 3686 (quem
256 3613 342 3665 locum
358 3631 439 3683 supra
455 3609 583 3663 iudicavi·
627 3617 772 3688 0pponitur
790 3617 942 3688 prolatatur,
961 3621 1000 3669 uti
1017 3621 1127 3692 depereo

89 3694 261 3764 uusadcap.
281 3693 345 3762 28),
364 3692 425 3744 coll.
437 3691 507 3743 LXII
516 3692 581 3754 ‚ae
627 3692 788 3769 mopnifimss.
809 3695 946 3749 Sordidum
971 3697 1003 3748 ad
1024 3696 1127 3752 literam

90 3774 202 3826 'lecitom
233 3773 371 3844 exscripsit
398 3771 498 3842 Sulpic.
523 3771 581 3822 Ser.
627 3773 712 3832 reddit
726 3774 819 3825 vocab.
834 3772 901 3827 Gall.
916 3791 1039 3829 craeseus.

91 3853 151 3904 llist.
161 3853 233 3905 Sscr.
246 3855 278 3916 ll,
291 3855 335 3905 28.
347 3852 526 3902 Biuomiuisue
538 3849 583 3900 fter·
660 3854 1018 3906 2.L0udadat...uuunculum
1026 3857 1127 3925 Ouium,

91 3929 135 3984 dus
153 3931 232 3985 bomo
252 3933 349 3997 fuerit,
372 3949 406 3982 en
430 3930 584 3981 successerit
629 3944 677 3983 eto.
688 3932 755 3984 Vide
766 3932 847 4001 Calig.
858 3933 901 4001 37.
912 3936 951 3984 De
963 3937 1069 3986 Nerone
1078 3937 1127 3987 Ta·

92 4012 241 4084 Doryphoro
253 4014 280 4062 in
295 4009 437 4062 libidinose
446 4027 527 4080 opera
538 4011 584 4078 ry·
629 4013 673 4062 eit.
686 4012 750 4064 Hist.
764 4015 775 4064 l
782 4050 791 4078 ‚
805 4029 853 4078 ao,
869 4014 932 4064 aliis
944 4025 970 4064 et
981 4016 1060 4066 vicies
1070 4013 1129 4065 mil·

91 4089 223 4163 tltegoms,
240 4111 274 4144 an
291 4093 415 4142 errsrerit
433 4092 460 4141 iu
477 4088 583 4140 nomine
628 4088 674 4141 lise
691 4091 836 4142 sestertium
853 4089 1039 4143 donationibus
1056 4092 1128 4142 Nero

92 4171 224 4226 &messius
248 4171 396 4244 (uiplicetu
420 4173 490 4224 euim
515 4168 584 4222 hanc
629 4167 1072 4239 effuderat-Cibipsddminll,
1087 4167 1127 4235 ¹4·

5 4301 6 4340 4
92 4251 463 4314 dminiemntrisidoctiwf.
472 4252 582 4321 interpr.
665 4249 742 4301 3.1n
762 4247 913 4309 Tiridaten,
932 4261 982 4298 eto.
1000 4247 1066 4300 Vide
1083 4265 1128 4299 su-
