3076 5146
482 553 803 622 DOMITIANUS.
1102 561 1166 641 tit

106 699 191 746 cum
215 673 339 760 edidit,
363 677 437 748 bec
457 679 573 764 etiam,
600 679 701 748 simul
724 679 822 750 illum
842 704 946 778 seque
971 684 1167 772 contolans,

106 804 311 856 inseruerat:
899 832 902 838 ·

277 944 333 1003 οὐκ
348 937 455 1020 o'pdqzl,
474 939 527 1008 οἶος
540 945 610 1020 κάγὼ
624 945 700 1010 καλός
714 967 741 1001 τε
754 948 831 1022 μγας
844 969 886 1022 τις
997 903 1001 919 Ι

109 1123 123 1152 ι
136 1077 273 1160 Eadem
289 1116 344 1160 me
358 1109 472 1166 tamen
487 1111 627 1162 manent
637 1094 837 1190 capillorum
855 1097 942 1182 fata,
959 1115 992 1168 et
1008 1099 1086 1202 forti
1100 1103 1169 1172 ari-

104 1225 167 1268 mo
183 1202 258 1270 fero
273 1227 405 1272 comam
420 1206 456 1272 in
474 1203 700 1274 adolescentia
719 1223 960 1277 senescentem.
979 1210 1085 1294 scias,
1105 1234 1169 1282 nec
1238 1278 1241 1286 ,

105 1317 243 1406 gratius
258 1317 441 1412 quicquam
455 1315 595 1400 decore,
611 1341 674 1385 nec
688 1318 863 1387 brevius.»

156 1431 249 1496 XIX.
277 1428 415 1498 Laboris
429 1430 608 1524 impatiens
619 1439 641 1512 ¹,
660 1429 806 1521 pedibus
821 1454 882 1524 per
895 1431 1023 1500 Urbem
1036 1455 1107 1500 non
1120 1447 1169 1500 te-

103 1560 205 1604 mere
224 1537 425 1606 ambulavit:
444 1541 479 1604 in
499 1537 711 1630 expeditione
732 1556 766 1607 et
785 1543 919 1632 agmine
935 1563 1025 1635 equo
1043 1544 1169 1626 rarius,

103 1649 233 1720 lectica
243 1647 378 1718 assidue
389 1665 504 1720 vectus
516 1667 578 1718 est.
590 1656 771 1720 Armorum
783 1649 896 1734 nullo,
909 1655 1107 1744 sagittarum
1115 1652 1169 1721 vel

103 1763 288 1856 praecipuo
306 1760 417 1833 studio
435 1761 623 1832 tenebatur.
644 1766 810 1830 Centenas
828 1766 911 1832 varii
931 1766 1062 1854 generis
1081 1764 1169 1834 teras

104 1894 205 1966 saepe
226 1873 261 1942 in
279 1870 410 1942 Albano
429 1880 584 1940 secessu²
604 1869 837 1942 conficientem
857 1891 1051 1965 spectavere
1071 1872 1171 1967 pleri·

105 2010 199 2080 que;
213 2001 316 2082 etque
327 1988 429 2054 etiam
439 2009 481 2056 ex
492 1986 657 2054 industria
666 1989 712 2054 ita
724 1986 938 2082 quarundam
950 1991 1060 2080 capita
1068 1987 1170 2080 figen-

105 2114 199 2177 tem,
217 2113 258 2164 ut
275 2095 409 2166 duobus
426 2095 546 2164 ictibus
566 2099 662 2191 quasi
679 2121 806 2167 cornua
825 2097 984 2182 efficeret.
1005 2104 1168 2168 Nonnrm·

74 2207 76 2212 ’
106 2231 219 2303 quam
241 2209 277 2274 in
297 2209 395 2298 pueri
413 2206 532 2300 procul
553 2209 687 2290 stantis,
710 2207 959 2303 praebentisque
980 2231 1044 2302 pro
1065 2233 1168 2303 scopo

106 2318 310 2412 dispansam
325 2317 452 2388 dextrae
465 2343 586 2388 manus
601 2317 765 2411 palmam,
782 2323 918 2411 sagittas
932 2335 1025 2390 tanta
1036 2337 1108 2390 arte
1119 2321 1169 2390 di·

106 2427 239 2513 rexit³,
259 2447 298 2498 ut
315 2454 432 2502 omnes
449 2455 512 2525 per
530 2431 707 2502 intervalla
722 2430 904 2523 digitorum
920 2434 1075 2500 innocuae
1091 2457 1168 2502 eva·

106 2538 246 2607 derent.
692 2617 696 2634 Ι

89 2689 91 2692 -
157 2657 233 2720 XX.
264 2649 431 2720 Liberalia
454 2653 564 2721 studia
585 2656 717 2746 imperii
742 2655 838 2722 initio
860 2654 1023 2747 neglexit,
1048 2681 1167 2751 quam-

106 2789 218 2860 quam
234 2763 471 2832 bibliothecas¹
492 2766 648 2834 incendio
666 2767 838 2834 absumtas
855 2769 1102 2860 impensissime
1118 2793 1168 2836 re
1227 2809 1228 2816 .

106 2899 235 2968 parare
247 2892 412 2959 curasset,
426 2875 675 2969 exemplaribus
686 2877 837 2971 undiquc
847 2879 974 2969 petitis,
988 2879 1167 2972 missisque

105 2982 370 3068 Alexandriam,
399 2987 458 3079 qui
487 2985 717 3054 describerent
744 2985 1041 3082 emendarentque.
1072 2992 1165 3054 Nun·

145 3214 176 3280 ⁴.
196 3213 252 3268 Ou'a
268 3201 360 3283 tpkp,
380 3228 431 3269 otc.
450 3214 489 3266 Ex
510 3215 615 3268 Homer.
665 3213 724 3268 mla
742 3217 799 3285 ejus
812 3213 1168 3268 munolareutr-Pue-

107 3294 191 3348 lliad.
205 3297 282 3362 xxi,
298 3296 355 3348 rot.
664 3313 739 3360 mm,
755 3307 785 3346 ut
799 3293 912 3359 assolet,
925 3310 1025 3346 seruum
1039 3290 1165 3365 intellige.

146 3374 222 3428 xtx.
246 3389 270 3426 t.
288 3374 394 3426 babens
411 3375 557 3445 impatiens.
576 3374 617 3426 cf.
662 3373 839 3426 -Innocum
852 3372 893 3424 At.
905 3374 1032 3437 innocue,
1049 3371 1122 3443 quod
1135 3391 1167 3425 ax

108 3452 216 3526 Xipbil.
229 3453 337 3520 vatt,
349 3453 374 3506 6.
663 3452 775 3522 antiquo
787 3449 921 3504 scribendi
932 3450 1013 3503 modo
1028 3449 1166 3519 idonea,

148 3536 220 3588 mlo
232 3534 446 3588 Attanooecesu.
457 3532 525 3584 Vide
537 3551 618 3605 supra
664 3529 875 3600 quodr'nuocuoe.
968 3569 973 3584 .

109 3615 147 3668 ad
166 3633 228 3687 up.
246 3617 272 3683 4.
291 3619 355 3668 Mox
368 3633 419 3686 pro
433 3611 563 3686 efficeret,
582 3614 617 3667 ul.
696 3609 754 3661 XX.
769 3627 791 3662 t.
809 3611 975 3684 Quamquam
986 3609 1166 3677 bibliothecas,

108 3693 260 3769 efflnpmt.
272 3695 357 3746 Nimia
369 3695 508 3765 quesitum
520 3691 572 3746 boc
583 3695 618 3744 vi-
662 3703 711 3743 etc.
721 3690 900 3756 ldamVictor,
909 3692 926 3745 l.
934 3710 958 3742 e.
971 3691 1166 3746 nBibliotbeeas

109 3773 205 3835 datum
226 3788 330 3842 tamen,
349 3777 401 3828 niti
420 3787 507 3826 ortum
528 3788 567 3826 est
586 3794 618 3826 ex
662 3770 786 3822 incendio
800 3785 967 3837 consumtus,
981 3773 1070 3843 petitis
1086 3771 1167 3822 undi-

109 3866 243 3925 eorrupto
254 3851 386 3928 effiqmt,
400 3868 431 3906 ut
441 3852 617 3926 Oudendorp.
663 3869 732 3923 quo,
750 3853 893 3922 presertim
905 3849 1063 3903 Alexandria
1080 3868 1166 3902 exem-

109 3944 205 4004 putat,
217 3933 260 3983 rix
271 3949 320 4003 pro
332 3932 419 4004 glossa
431 3931 595 3984 habendum.
661 3929 728 4001 plis,
744 3931 883 4002 repararit.
895 3953 907 3978 ι
921 3929 1011 3996 Quum
1026 3929 1165 3978 maximam

146 4015 174 4066 3.
184 4013 327 4086 Sagittae..
341 4014 447 4079 direxit,
458 4025 508 4066 etc.
516 4015 617 4079 Victor,
661 4008 1164 4082 PtolemaeiPhiladelphibibliothecam

110 4095 183 4166 Epit.
201 4111 242 4162 rt,
260 4095 439 4166 usagittarum
454 4107 508 4146 tam
522 4092 617 4148 doctus
661 4091 734 4146 bollo
747 4091 856 4144 casaris
867 4090 1045 4143 Alexandrino
1057 4090 1165 4142 combu-

111 4175 179 4240 tuit,
197 4186 228 4227 ut
241 4175 311 4228 iuter
325 4187 446 4246 patentes
458 4174 557 4243 digitos
571 4192 617 4230 ax·
663 4183 730 4223 ttam
741 4183 859 4237 constet,
871 4187 932 4222 vera
945 4171 1000 4222 sine
1009 4165 1092 4220 dubio
1101 4169 1166 4220 Bur·

113 4265 191 4306 tenter
203 4271 297 4307 manus
311 4255 358 4307 riri
370 4252 464 4328 procul
475 4253 617 4326 potitirpi-
662 4252 752 4305 manni
768 4251 852 4315 ratio,
869 4250 915 4322 qui
930 4249 1120 4318 Pergamenum
1134 4246 1161 4298 h.
