3054 5152
457 538 727 608 ¹CLAUDIUS.
1063 542 1123 608 135
1200 591 1203 602 .

1 733 2 740 ,
85 664 188 746 dorca,
213 687 350 759 unaque
374 662 544 732 decubuit.
568 668 637 748 Nec
660 679 786 731 temere
808 689 959 760 unquam
983 665 1125 734 triclinio

1 843 2 846 ,
83 773 254 856 abscessit,
274 777 338 842 nisi
352 771 518 842 distentus
534 797 575 841 ac
588 771 745 858 madens,
766 790 799 842 et
817 791 856 842 ut
871 779 985 844 statim
1003 779 1125 870 supino

83 903 189 980 acper
203 911 363 954 somnum
378 885 484 954 hianti
502 888 608 979 pinna
625 890 666 955 in·
680 911 718 954 os
737 887 921 972 inderetur,
938 888 981 956 ad
1002 913 1125 957 exone·
1184 959 1187 967 ,

83 994 221 1065 randum
244 996 468 1094 stomachum.
491 1001 605 1067 Somni
625 997 814 1068 brevissimi
835 1017 908 1068 erat
929 1004 1028 1087 (nam
1047 1017 1126 1069 ante

82 1105 221 1174 mediam
233 1123 370 1177 noctem
381 1105 582 1202 plerumque
597 1107 830 1200 evigilabat²):
844 1126 883 1177 ut
897 1127 1009 1178 tamen
1023 1115 1127 1179 inter-

82 1217 130 1284 diu
143 1241 395 1312 nonnunquam
410 1216 531 1310 injure
546 1217 689 1287 dicendo
703 1218 985 1304 obdormisceret,
1002 1225 1126 1316 vixque

60 1329 63 1345 '
81 1329 117 1398 ab
133 1327 327 1413 advocatis,
346 1329 388 1396 de
409 1328 574 1397 industria
591 1354 710 1398 vocem
728 1331 945 1424 augentibus,
967 1334 1127 1401 excitare-

82 1576 207 1644 expers.
219 1549 336 1620 Aleam
351 1549 595 1620 studiosissime
612 1549 710 1620 lusit³
721 1579 731 1622 ε,
746 1551 788 1620 de
804 1549 900 1643 cujus
915 1568 987 1620 arte
1001 1551 1126 1620 librum

1 1657 2 1663 ἵ
81 1689 211 1760 quoque
225 1667 353 1731 emisit:
368 1662 485 1731 solitus
502 1665 603 1731 etiam
614 1665 650 1730 in
664 1667 849 1756 gestatione
865 1663 1002 1745 ludere,
1016 1671 1063 1731 ita
1075 1688 1127 1732 es·

1 1787 2 1790 ’
83 1775 155 1843 sedo
166 1775 334 1870 alveoque
346 1772 527 1866 adaptatis,
543 1798 587 1841 ne
599 1773 694 1841 lusus
710 1774 983 1842 confunderetur.

122 1893 273 1956 XXXIV.
299 1891 429 1957 Saevum
452 1902 485 1953 et
503 1888 757 1978 sanguinarium
776 1903 897 1953 natura
916 1887 1036 1968 fuisse,
1057 1910 1128 1952 ma·
1150 1944 1152 1956 .

84 2001 150 2090 gnis
167 2001 385 2092 minimisque
403 2000 562 2090 apparuit
576 1996 689 2064 rebus.
702 2001 887 2064 Tormenta
899 2000 1126 2090 quaestionum

84 2138 262 2208 ponasque
291 2110 556 2205 parricidarum¹
589 2111 875 2203 repraesentabat,
907 2109 1128 2204 exigebatque

86 2245 199 2290 coram.
228 2228 344 2308 Quum
369 2237 403 2288 et
432 2235 593 2312 spectare·
611 2222 740 2314 antiqui
768 2223 871 2288 moris
901 2220 1127 2313 ²supplicium

87 2333 193 2401 Tiburi
205 2335 439 2425 concupisset,
455 2347 507 2413 et,
524 2330 677 2423 deligatis
691 2330 864 2424 adpalum
875 2333 1002 2413 noxiis,
1019 2333 1127 2398 carni-

87 2446 133 2513 fex
148 2443 303 2526 deesset,
317 2447 462 2512 accitum
482 2443 525 2510 ab
544 2443 636 2511 Urbe
655 2468 831 2544 vesperam
850 2467 958 2538 usque
979 2445 1127 2536 opperiri

87 2558 312 2648 perseveravit.
335 2560 547 2648 Quocunque
570 2553 767 2647 gladiatorio
788 2577 950 2637 munere,
970 2552 1023 2620 vel
1045 2577 1126 2635 suo,

87 2667 131 2736 rel
148 2667 276 2750 alieno,
299 2670 398 2734 etiam
416 2666 503 2734 forte
521 2664 697 2758 prolapsos
712 2664 861 2758 jugulari
876 2663 1036 2756 jubebat,
1053 2689 1125 2732 ma-

87 2781 164 2847 xime
179 2779 352 2860 retiarios,
364 2791 402 2843 ut
416 2777 657 2868 exspirantium
668 2775 768 2845 facies
784 2774 922 2843 videret.
938 2780 1052 2872 Quum
1063 2799 1126 2868 par

87 2975 198 3044 opiparas
215 2971 389 3045 plurimisque
403 2973 483 3026 rebus
496 2973 577 3025 furtas
622 2975 793 3028 TumAEacus
801 2969 1124 3043 jubetiilumalealudere

87 3051 173 3118 fuisse,
188 3062 262 3122 patet
280 3069 312 3102 ex
330 3052 421 3102 Horat.
439 3051 524 3102 Carm.
538 3053 577 3120 lt,
620 3071 729 3127 pertuso
743 3052 854 3120 fritillo,
869 3065 942 3104 etc.-

91 3131 131 3196 td,
143 3133 182 3184 28.
197 3131 276 3183 conf.
292 3129 410 3182 Macrob.
423 3131 461 3196 11,
474 3149 499 3201 9.
512 3133 575 3182 Item
656 3135 774 3186 XXXIV.
793 3149 815 3183 1.
828 3132 973 3200 Poenosque
981 3127 1126 3202 parricida·

86 3210 148 3280 apud
157 3228 204 3262 nos
214 3210 266 3262 hac
278 3209 311 3262 de
324 3227 352 3260 re
361 3209 501 3281 pontifices
514 3224 577 3261 nota
621 3231 696 3278 rum,
705 3223 754 3262 etc.
763 3204 1124 3270 Senec.deClement.1,23,

85 3305 129 3339 vox
140 3290 238 3359 arguit:
257 3288 298 3340 Un
311 3307 384 3359 repas
395 3289 425 3339 de
437 3288 538 3348 moine,·
550 3287 578 3340 Il
621 3291 667 3362 (ad
681 3293 816 3342 Neronem
827 3287 909 3340 verba
921 3285 1008 3356 sunt):
1025 3285 1125 3336 «Pater

85 3379 116 3419 est
125 3387 181 3440 qma
190 3387 292 3421 comme
302 3388 338 3419 un
351 3368 446 3420 moine.
621 3387 683 3424 tuus
690 3370 781 3443 plures
786 3371 854 3420 intra
864 3367 1074 3440 quinquennium
1081 3384 1125 3417 cu·

116 3446 305 3519 ²·Ev1'qflab02·
314 3447 354 3498 Cf·
365 3446 397 3498 ad
408 3447 521 3517 August·
533 3447 575 3516 78·
620 3443 1125 3520 leoinsuit,quamomnibusseculisin-

114 3527 138 3579 3.
146 3527 240 3580 Aleum
251 3527 431 3580 studiosissime
443 3525 516 3587 huin
528 3545 578 3577 un·
621 3543 695 3582 sutos
708 3530 866 3598 accepimus.
878 3549 889 3573 n
901 3525 1124 3597 Reproesentabat;

85 3603 114 3656 de
124 3607 211 3660 Senes.
224 3605 338 3678 Apocol·
621 3613 677 3664 sine
687 3607 815 3661 dilatione
825 3605 960 3676 exigebat,
970 3617 1067 3674 negato
1077 3603 1123 3655 illo

218 3695 344 3750 lugete...
621 3688 713 3740 decem
726 3686 828 3738 dierum
847 3685 949 3754 spatio,
964 3681 997 3734 de
1012 3701 1067 3753 quo
1079 3683 1125 3733 Ti-

219 3756 301 3810 v⁰⁵‘¹”‘
309 3755 330 3795 ³⁰
338 3753 422 3810 primis,
620 3767 676 3820 ber.
689 3785 747 3838 cap.
758 3763 1059 3834 75.'Valer.Maxim.V1
1070 3799 1078 3824 ,
1090 3760 1124 3826 5,

622 3846 733 3913 «Quum
753 3843 845 3895 liceret
864 3843 970 3914 culpam
985 3838 1027 3893 vel
1045 3839 1123 3893 dissi-

619 3924 737 3989 mulare,
749 3923 790 3975 vei
801 3941 887 3975 errore
900 3918 1060 3986 defendere,
1071 3938 1124 3992 poe-

84 4017 106 4057 et
122 4006 192 4074 alibi,
214 4007 338 4059 ..Placuit
357 4024 451 4057 novam
469 4024 574 4076 paenam
619 4023 682 4056 nam
702 4016 791 4056 tamen
815 4011 993 4072 repraesentare
1012 3999 1122 4063 maluit,

83 4089 218 4158 excogitari
239 4085 361 4150 debere,
384 4084 575 4138 instituendum
618 4103 653 4136 ne
667 4102 722 4154 qua
735 4084 808 4134 fraus
820 4081 894 4134 fieret
905 4081 1019 4149 justitias.
1033 4101 1043 4126 ι

1 4226 2 4230 ¹
81 4161 116 4215 iili
126 4163 236 4218 iaborem
245 4167 363 4230 irritum,
373 4179 400 4216 et
409 4163 519 4235 alicujus
528 4183 574 4216 cu·
656 4179 679 4212 2.
692 4161 805 4233 Antiqui
814 4161 892 4212 moris
901 4158 1067 4230 supplicium.
1079 4157 1128 4207 Vi*

82 4243 572 4318 piditatisspeciessinefineeteffectu.
619 4242 652 4294 de
665 4243 766 4295 Neron.
782 4241 832 4310 493
847 4241 945 4292 Domit.
965 4255 1012 4303 ιι.Ι
