3066 5148
368 488 410 531 ao
741 463 777 524 C.
802 459 1036 526 SUETONH

365 587 529 660 consultis
542 586 683 668 abolita,
696 587 837 680 requiri,
852 601 886 652 et
900 607 974 654 esse
988 585 1023 651 in
1037 582 1194 650 manibus
1205 581 1422 679 lectitarique

364 703 534 796 permisit:
549 697 685 794 quando
695 699 840 764 maxime
850 719 912 762 sua
922 699 1114 776 interesset,
1128 681 1166 760 rit
1175 694 1265 762 fucta
1274 717 1422 790 quaeque

366 813 509 906 posteris
527 808 715 876 traduntur.
736 808 895 873 Rationes
915 806 1081 897 imperii⁵,
1103 804 1146 872 ab
1167 810 1324 896 Augusto
1345 827 1423 897 pro-

365 925 448 1016 poni
465 921 596 1003 solitae,
616 917 676 986 sed
694 943 715 984 a
733 917 869 986 Tiberio
883 919 1110 1000 intermissas,
1129 915 1330 1009 publicavit.
1350 921 1422 982 Ma-

365 1033 557 1128 gistratibus
578 1031 720 1114 liberum
738 1028 1024 1124 jurisdictionem,
1046 1048 1080 1099 et
1099 1032 1171 1098 sine
1193 1033 1246 1098 sui
1269 1029 1422 1124 appella·

365 1150 476 1228 tione,
497 1143 693 1214 concessit⁶.
716 1146 854 1238 Equites
875 1149 1044 1212 Romanos
1063 1167 1179 1211 severe
1197 1148 1422 1238 curioseque,

365 1281 428 1327 nec
440 1261 512 1326 sine
524 1255 769 1338 moderatione,
784 1257 1014 1346 recognoviv:
1031 1254 1145 1348 pulum
1163 1254 1304 1323 ademto
1316 1277 1421 1350 equo,

366 1369 489 1464 quibus
503 1384 562 1436 aut
572 1366 688 1460 probri
702 1365 830 1460 aliquid
844 1381 903 1432 aut
915 1367 1108 1460 ignominiae
1122 1368 1266 1436 inesset:
1284 1390 1422 1449 eornm,

366 1483 425 1574 qui
441 1481 571 1546 minore
586 1477 687 1570 culpa
702 1491 910 1556 tenerentur,
926 1476 1120 1545 nominibus
1134 1475 1237 1544 modo
1252 1478 1290 1544 in
1305 1479 1423 1545 recita-

366 1592 458 1658 tio‘ne
478 1589 667 1681 praeteritis.
693 1591 739 1654 Ut
756 1585 862 1658 levior
880 1583 976 1653 labor
993 1582 1223 1678 judicantibus
1246 1586 1357 1669 foret,
1379 1584 1422 1655 ad

366 1715 513 1798 quatuor
523 1702 654 1792 priores
664 1700 817 1793 quintam
834 1695 1006 1766 decuriam
1020 1695 1179 1766 addidet
1195 1701 1359 1766 Tentavit
1374 1715 1422 1780 et,

366 1813 579 1879 comitiorum
599 1833 693 1877 more
714 1823 885 1890 revocato,
910 1808 1071 1902 suffragia
1092 1809 1222 1903 populo
1244 1809 1420 1877 ⁹reddere.

365 1929 490 2015 Legata
507 1943 548 1988 ex
562 1935 763 1988 testamento
773 1918 915 2002 Tiberii,
929 1944 1138 2014 quamquam
1153 1919 1299 2004 abolito,
1316 1919 1424 1988 sedet

366 2038 385 2100 J
389 2031 465 2100 ulie
484 2038 658 2122 Augustae,
681 2027 773 2125 quod
791 2029 947 2098 Tiberius
967 2048 1217 2134 suppresserat,
1240 2057 1322 2100 cum
1336 2030 1421 2113 fide,

366 2164 406 2208 ac
415 2143 488 2208 sine
497 2138 668 2206 calumnia
677 2153 918 2231 repraesentata
929 2139 1135 2232 persolvit¹⁰.
1147 2145 1423 2210 Ducentesimam

366 2252 564 2318 auctionum
584 2248 689 2316 ltaliae
711 2250 883 2318 remisit¹'.
906 2248 1024 2317 Multis
1045 2249 1280 2320 incendiorum
1299 2250 1422 2320 damna

405 2495 429 2548 5.
453 2493 573 2546 Rationes
589 2492 708 2564 imperii,
723 2505 773 2546 etc.
790 2495 870 2547 Conf.
954 2512 995 2548 ro.
1006 2496 1141 2570 Lepcim...
1150 2497 1286 2570 persolvit.
1294 2499 1335 2553 cf.
1344 2499 1421 2551 Dion.

369 2575 435 2642 Dio,
447 2573 521 2637 th,
533 2589 560 2642 9.
915 2573 989 2638 LIX,
1003 2591 1035 2640 a,
1047 2589 1220 2628 memoratum
1231 2577 1266 2629 ad
1276 2577 1367 2630 Tiber.
1377 2576 1422 2628 fin.

402 2653 429 2704 6.
448 2650 662 2726 Mcqistrctibus.
675 2691 681 2702 .
694 2690 699 2702 .
712 2687 719 2701 .
732 2652 871 2712 concessit‚·
917 2653 956 2704 Dc
965 2672 1095 2726 suppresso
1105 2656 1182 2708 Liviae
1193 2669 1353 2710 testamento
1363 2653 1422 2710 vide

367 2730 440 2783 unde
456 2725 687 2800 diptapmm‘oe'woe
700 2729 777 2780 initio
791 2729 872 2782 fuisse
917 2733 997 2785 etium
1008 2734 1044 2787 ad
1054 2733 1143 2786 'siber
1158 2735 1201 2787 51.

368 2811 466 2863 dicitur
480 2811 560 2861 Dion.
572 2808 647 2873 LIX,
658 2807 684 2859 3.
699 2809 739 2859 De
752 2806 872 2880 appella·
956 2828 997 2863 ιι.
1015 2811 1224 2866 Ριιερηιρςὶῃιαηι
1236 2854 1242 2867 ,
1256 2855 1262 2867 ,
1276 2854 1282 2867 ,
1296 2855 1302 2867 ,
1317 2814 1421 2868 remisit.

369 2891 439 2942 tione
456 2888 492 2940 cd
511 2888 662 2960 Principem
682 2884 741 2937 vide
760 2899 815 2938 not.
838 2885 873 2938 ad
917 2891 1067 2943 instituerat
1077 2892 1240 2944 centesimam
1250 2911 1336 2946 rerum
1348 2910 1423 2944 vena·

369 2971 481 3039 August.
497 2967 540 3020 33.
918 2967 986 3021 lium
1004 2983 1066 3042 post
1084 2968 1154 3021 belia
1168 2971 1256 3023 civilia
1271 2972 1422 3042 Augustus,

406 3068 431 3120 7.
450 3047 614 3120 Equites...
626 3046 781 3120 recopnovit.
794 3046 872 3098 Conf.
918 3047 1421 3121 utmilitarisaerariisubsidiumffacit.

369 3129 402 3180 ad
417 3129 529 3199 August.
545 3127 589 3180 38.
918 3125 1016 3178 Annei.
1037 3130 1064 3193 1,
1084 3127 1153 3198 78),
1172 3147 1285 3202 eamque
1302 3130 1422 3183 Tiberius

405 3208 431 3259 8.
461 3207 588 3276 Quintam
609 3204 739 3256 decuriam
763 3204 873 3256 addidit.
918 3221 1049 3258 servatam
1067 3209 1158 3278 prius,
1181 3211 1304 3280 quamvis
1324 3209 1419 3280 depre-

369 3283 436 3336 vide
448 3283 482 3336 ad
494 3286 563 3354 Aug.
579 3301 611 3352 29
622 3297 649 3334 et
660 3283 693 3335 32
706 3305 712 3334 :
725 3285 797 3336 conf.
807 3281 874 3339 Plio.
918 3299 996 3338 cante
1005 3286 1105 3358 populo
1115 3286 1217 3356 (Tacit.
1225 3287 1242 3339 l.
1252 3289 1307 3360 o),
1318 3302 1422 3359 postca,

370 3367 403 3416 H.
414 3366 447 3416 N.
460 3363 587 3428 xxxin,
603 3380 612 3414 ι
627 3361 684 3432 (7).
919 3363 1026 3416 redacta
1040 3363 1210 3436 Cappadocia
1225 3382 1289 3436 post
1301 3365 1421 3418 Archelai

406 3460 433 3514 9.
452 3440 591 3514 Suffragia
600 3439 701 3511 populo
711 3440 821 3492 reddere.
833 3442 873 3493 ef.
919 3443 985 3511 regis
1001 3455 1112 3492 mortem
1126 3443 1153 3492 in
1168 3445 1350 3513 provinciam,
1369 3461 1420 3515 qno

371 3524 437 3588 Dio,
447 3519 520 3583 le,
532 3537 557 3589 9.
572 3519 680 3571 Tiberio
692 3521 762 3570 enim
775 3522 875 3572 cesare
919 3518 1051 3571 levaretur
1072 3520 1202 3592 vectigal,
1221 3536 1372 3576 mutaverat
1393 3523 1421 3572 in

370 3600 499 3672 primum,
510 3597 632 3647 ut'racir.
645 3596 739 3647 rinnel.
749 3599 773 3662 l,
786 3597 830 3662 15,
840 3617 874 3650 «e
919 3599 1120 3650 ducentesimam
1133 3619 1195 3652 airu.
1209 3619 1262 3670 77⁰
1274 3603 1376 3670 (Tacit.
1389 3603 1418 3651 Aa

371 3677 473 3747 Campo
484 3676 590 3726 comitia
604 3674 637 3727 ad
650 3677 739 3726 Patres
748 3675 874 3727 translata
918 3679 1027 3750 ibin).
1040 3680 1112 3732 Idem
1122 3694 1211 3734 tamen
1224 3701 1305 3735 senex
1317 3682 1351 3734 ad
1362 3699 1420 3733 ava-

371 3771 433 3809 sunt
446 3777 453 3806 :
468 3773 530 3806 narn
542 3753 575 3806 ad
587 3774 646 3806 eam
658 3755 745 3822 diem,
758 3757 807 3806 etsi
822 3773 874 3826 po·
918 3759 1005 3809 ritiam
1021 3762 1147 3830 pronior,
1163 3761 1299 3814 reduxisse
1316 3761 1421 3813 centesi-

371 3837 471 3887 tissima
482 3832 592 3886 arbitrio
601 3835 744 3905 Principis,
753 3833 874 3904 quaedam
918 3857 990 3889 mam
1000 3838 1098 3891 dicitur
1108 3843 1188 3895 Dion.
1196 3843 1290 3909 Lvlfl,
1305 3843 1349 3908 16,
1358 3858 1418 3892 ann.

372 3929 460 3966 tamen
485 3909 580 3964 studiis
600 3912 717 3964 tribuum
738 3913 871 3965 fiebant·
920 3919 990 3986 784,
1016 3932 1078 3989 post
1100 3934 1214 3972 mortem
1237 3923 1334 3994 SeJ'ani.
1361 3921 1419 3971 Jw

373 3993 481 4046 Biennio
498 4003 575 4062 post,
595 4009 658 4042 ann.
673 4009 722 4061 79²
731 4031 740 4058 ,
750 3995 795 4061 jus
809 3993 875 4046 illud
920 4014 1002 4068 quum
1013 3996 1065 4049 hoc
1078 3997 1138 4049 loco
1152 4013 1244 4052 nostro
1257 4016 1348 4052 omnes
1359 3995 1419 4048 libri

371 4069 472 4145 populo
486 4069 565 4121 Caius
580 4067 669 4121 denuo
684 4070 789 4141 eripuit.
808 4071 875 4124 Vide
919 4077 1075 4148 conspirent
1092 4079 1121 4130 in
1138 4076 1253 4132 lectione
1272 4075 1420 4131 Ducentesi-

371 4153 449 4206 Dion.
465 4149 539 4216 LIX,
555 4165 597 4201 πο.
920 4173 1004 4220 mam,
1016 4169 1095 4228 atque
1106 4158 1315 4212 auctoraccedat
1325 4171 1417 4210 numus
