3068 5144
398 495 463 580 370
773 493 808 555 G.
832 486 1068 559 SUETOIIII

394 645 434 688 ac
446 617 735 688 vixdumtriclinio
744 641 931 710 egressum,
942 617 1078 687 confodi
1083 617 1201 712 jussit:
1213 641 1295 688 sane
1306 637 1443 712 urgente

382 731 604 813 (discrimine,
627 755 735 825 quum
757 732 857 798 etiam
875 730 1139 824 chirographum
1156 729 1231 825 ejus
1249 749 1442 825 praeparatae

394 843 486 935 apud
500 842 633 938 ¹milites
658 843 852 910 concionis⁹
877 840 1165 935 deprehendisset.
1189 841 1323 929 Quibus
1348 842 1442 912 rebus

395 959 481 1022 sicut
500 955 534 1020 in
556 967 730 1046 posterum
750 956 921 1022 securitati
943 956 1022 1022 satis
1041 956 1146 1035 cavit,
1169 956 1214 1020 ita
1232 952 1443 1046 adpraesens

394 1064 579 1158 plurimum
592 1068 758 1132 contraxit
770 1064 918 1132 invidiae:
934 1080 973 1131 ut
988 1089 1058 1133 uon
1071 1081 1199 1133 temere
1215 1066 1292 1159 quis
1308 1079 1379 1132 tam
1389 1063 1443 1130 ad·

393 1197 493 1242 verso
514 1197 667 1256 rumore,
691 1177 866 1270 magisque
884 1177 997 1243 invitis
1017 1175 1191 1256 omnibus,
1216 1176 1388 1241 transierit
1404 1173 1442 1241 ad

394 1288 633 1378 principatum.
713 1338 717 1344 .

442 1401 516 1464 VII.
544 1403 667 1463 Praeter
693 1401 853 1465 saevitiam
881 1415 1038 1490 suspecta
1063 1380 1103 1466 iu'
1124 1421 1164 1465 eo
1189 1400 1290 1464 etiam
1316 1395 1443 1462 qutiria

321 1509 323 1517 ⁴
395 1527 481 1589 erat,
497 1507 588 1603 quod
602 1507 645 1576 ad
662 1509 808 1577 mediam
822 1529 956 1578 noctem
972 1512 1225 1598 comissationes
1240 1532 1321 1576 cum
1337 1507 1443 1600 profu

395 1623 527 1690 sissimo
536 1644 673 1715 quoque
683 1621 899 1690 familiarium
909 1620 1115 1690 extenderet.
1128 1627 1197 1689 Nec
1207 1623 1321 1688 minus
1330 1617 1442 1699 libido,

393 1748 532 1824 propter
543 1731 752 1799 exoletorum
765 1749 798 1799 et
810 1730 1000 1824 spadonum
1013 1742 1147 1824 greges¹
1161 1783 1169 1811 ‚
1182 1743 1388 1824 propterque
1398 1731 1443 1795 in·

394 1846 524 1936 signem
549 1845 672 1934 reginae
696 1845 869 1911 Berenices
892 1859 1084 1922 amorem²‚
1111 1842 1291 1908 caiatiam
1314 1841 1443 1930 nuptias

394 1952 563 2046 pollicitus
577 1951 759 2020 ferebatur.
781 1957 942 2046 Suspecta
959 1970 992 2020 et
1010 1954 1194 2046 rapacitas;
1211 1949 1305 2045 quod
1320 1963 1444 2017 consta·

395 2062 471 2142 bat,
484 2067 518 2130 iu
530 2063 777 2154 cognitionibus
790 2064 916 2156 patris³
929 2063 1110 2130 nundinari
1123 2061 1360 2155 praemiarique
1373 2057 1443 2126 soli-

396 2283 485 2337 Aurel.
504 2285 571 2335 Vict.
590 2283 607 2334 1.
625 2305 648 2337 c,
667 2287 726 2356 qui:
749 2286 897 2338 aCaeciuam
946 2288 1006 2336 Ant.
1028 2285 1127 2351 XVIII,
1149 2286 1183 2351 5,
1205 2283 1238 2350 4;
1260 2283 1441 2348 xtx‚⁵‚1;

397 2364 564 2418 consularem
581 2364 731 2418 adhibitum
745 2385 840 2434 coenae,
858 2371 899 2420 vix
945 2367 1009 2430 IIII,
1028 2382 1057 2435 7,
1078 2365 1102 2418 3.
1123 2364 1199 2416 Plura
1218 2362 1294 2416 dedit
1312 2364 1441 2415 Reimarus

396 2444 460 2496 dum
475 2443 589 2497 triclinio
605 2463 756 2516 egressum,
771 2449 801 2498 ob
817 2449 901 2518 suspi-
947 2445 981 2496 ad
993 2442 1095 2515 Xipbil.
1110 2444 1161 2494 loc.
1173 2446 1217 2495 cit.

396 2527 497 2577 cionem
520 2537 640 2594 stupratur
662 2526 795 2580 Berenices
815 2527 901 2578 uxoris
981 2523 1005 2574 3.
1025 2522 1263 2596 Incoynitionibns
1271 2517 1441 2591 pattinvulfl.

397 2625 461 2670 snoe,
472 2604 589 2676 jugulari
598 2607 685 2675 jussit.
697 2629 707 2652 υ
947 2605 974 2654 in
989 2603 1156 2656 concionibus
1169 2601 1270 2674 patriis.
1287 2602 1327 2652 Ita
1339 2601 1441 2652 vicissim

433 2703 458 2755 9.
481 2685 624 2737 Concionis.
640 2688 679 2736 Ita
693 2703 743 2756 pro
757 2684 827 2754 vulg.
841 2704 901 2738 coit·
945 2673 1030 2734 Tacit.
1045 2682 1112 2733 IIist.
1130 2677 1317 2750 11,79,νιι1(γΓ
1335 2695 1386 2730 nou
1397 2695 1440 2746 pc-

391 2764 536 2837 jurationis
559 2783 573 2816 e
593 2763 677 2815 Codd.
703 2764 901 2816 rescribendum
946 2771 1004 2812 ratu
1015 2760 1165 2832 coquitione
1176 2776 1225 2828 pro
1237 2757 1371 2810 concione.
1383 2751 1441 2806 cot.

399 2857 560 2897 censuerant
570 2842 675 2909 Goion,
688 2842 817 2910 casaub,
831 2846 902 2896 Peri·
947 2841 1023 2907 alter,
1031 2841 1059 2891 in
1067 2836 1282 2912 nepotictionibns
1286 2835 1382 2906 patrie,
1392 2850 1441 2904 φι

398 2925 506 2991 nonius,
522 2922 655 2989 Dubenu,
670 2937 697 2975 et
711 2925 901 2994 rescripserunt
947 2920 1077 2972 correctio
1087 2915 1269 2982 emendetur,
1281 2911 1444 2986 inepteiudu·

305 3049 311 3068 ,
398 3004 502 3055 Ernest.
517 3017 542 3055 et
555 3000 729 3074 Oudendorp.
744 3002 810 3054 Vide
822 3005 901 3054 etiam
947 3013 989 3052 cta
1000 3017 1031 3051 ex
1045 3001 1158 3070 vespas.
1174 2997 1221 3063 16,
1233 2995 1281 3047 uhi
1293 2994 1327 3047 de
1339 2994 1443 3066 neqeun-

308 3078 318 3094 '
398 3084 501 3135 Erueet.
517 3080 552 3134 ad
565 3083 649 3134 Tacit.
664 3082 730 3134 Hist.
746 3084 782 3149 II,
798 3099 840 3152 79.
948 3079 1057 3131 tionibus
1068 3078 1227 3149 Vespasiani
1236 3094 1340 3139 sermo,
1356 3073 1443 3145 quibus

435 3164 490 3213 VII.
507 3179 528 3212 r.
548 3163 585 3212 Et
594 3161 738 3232 spadonum
751 3179 847 3234 preqes.
860 3160 900 3212 cf.
947 3161 1088 3210 convenire
1101 3156 1241 3209 videbatur
1259 3153 1370 3212 verbum
1384 3170 1443 3205 ntu-

400 3241 499 3312 Xiphil.
515 3242 622 3306 LXVII,
641 3258 669 3304 π,
687 3253 712 3290 et
723 3238 783 3290 vide
798 3239 831 3290 ael
846 3241 902 3290 Do·
948 3239 1050 3306 dicari,
1074 3238 1101 3290 h.
1124 3237 1142 3289 l.
1165 3236 1198 3288 de
1222 3235 1332 3288 vendita
1350 3233 1444 3306 justitia

401 3325 500 3373 mitian.
517 3339 577 3392 cup.
593 3338 617 3390 7.
949 3333 1117 3392 usurpatum
1143 3319 1203 3369 Nou
1228 3315 1342 3369 tacenda
1364 3329 1443 3368 eutem

438 3419 462 3452 π.
483 3400 669 3471 Propteiqne...
688 3400 818 3450 Berenices
829 3417 901 3450 amo·
949 3403 1117 3470 conjectura,
1135 3415 1216 3469 quum
1234 3397 1362 3468 singulari
1376 3395 1408 3447 de
1417 3393 1442 3444 h.

401 3496 464 3530 rem.
479 3477 563 3528 Tacit.
584 3479 649 3527 llist.
670 3476 709 3540 II,
732 3495 761 3528 a:
780 3477 901 3542 uFuere,
948 3482 965 3533 1.
988 3481 1079 3533 libello
1101 3479 1212 3553 protulit
1233 3479 1335 3531 Boden.
1354 3475 1444 3532 Suadet

402 3559 449 3628 qui
462 3571 604 3608 accensum
619 3552 750 3607 desiderio
767 3557 903 3608 Berenices
948 3559 992 3613 ille
1008 3561 1162 3613 cocionibus.
1184 3559 1308 3612 Coeioms
1324 3571 1383 3610 sunt
1399 3556 1442 3608 Gr.

401 3639 498 3706 regine
512 3636 620 3686 vertisse
632 3637 681 3686 iter
693 3634 837 3688 crederent.
851 3639 902 3688 Ne·
948 3636 1064 3699 dorset,
1075 3636 1220 3705 μηιβὸλοι,
1234 3635 1356 3706 ἰγομῖοι,
1368 3649 1392 3688 et
1403 3653 1444 3687 co-

403 3737 455 3789 que
466 3714 627 3768 abhorrebat
639 3735 654 3767 a
666 3717 790 3767 Berenice
800 3717 904 3785 juveni·
948 3721 1047 3772 ciattcra
1056 3715 1232 3784 μπαβλιτιιέ,
1247 3732 1277 3770 ιιι
1290 3717 1358 3770 adeo
1368 3715 1444 3768 coeio·

401 3797 433 3849 lis
442 3798 557 3857 animun
569 3795 615 3848 sed
625 3795 745 3866 gerendis
756 3795 835 3848 rebus
846 3795 904 3848 uul-
949 3817 993 3850 nes
999 3797 1093 3870 patrii,
1106 3800 1176 3849 iuter
1185 3815 1254 3868 quos
1263 3797 1339 3850 Titus
1348 3794 1444 3864 quur

402 3878 456 3928 lum
472 3895 503 3928 ex
520 3894 552 3928 eo
568 3874 803 3947 impedimentum:
818 3875 905 3929 lutam
949 3897 996 3931 sua
1020 3879 1184 3943 exercuerit,
1205 3879 1224 3928 ii
1245 3878 1361 3942 fuerint,
1380 3891 1443 3946 quos

402 3954 583 4026 voluptatibus
608 3954 813 4007 adolescentiam
834 3959 904 4026 egit,
949 3961 1126 4030 VespasIanus
1147 3957 1338 4010 subornaverat
1356 3953 1443 4007 adres

403 4051 454 4087 suo
468 4052 546 4106 quom
563 4036 645 4103 patria
658 4036 770 4104 imperio
783 4033 905 4087 modera—
950 4035 1053 4088 venales
1061 4035 1181 4108 undique
1188 4032 1390 4106 comparandas,
1399 4050 1445 4083 uu·

403 4114 462 4164 tior.
475 4135 486 4157 »
500 4111 540 4164 Cf.
558 4111 684 4183 XiphIIin.
700 4112 794 4178 LXVI,
811 4113 849 4165 15.
865 4116 905 4165 De
950 4115 984 4167 de
1002 4117 1117 4186 majoros
1136 4129 1231 4187 postea
1247 4127 1360 4186 questus
1377 4113 1444 4163 lece

401 4191 505 4242 famosa
526 4189 577 4242 bac
595 4191 694 4242 femina
714 4189 774 4242 vide
794 4192 903 4264 Ioseph.
950 4211 1016 4248 rent.
1027 4198 1126 4248 Verum
1139 4197 1215 4247 nimis
1227 4197 1333 4266 quaesita
1346 4191 1444 4245 ridetur
