3066 5148
379 471 422 536 38
754 471 790 532 C.
817 469 1047 534 SUETONII

424 599 561 662 XXVII.
587 594 751 661 Saevitiam
774 595 900 685 ingenii
920 617 981 684 per
1003 589 1077 660 haec
1099 594 1251 660 maxime
1275 592 1437 660 ostendit.

378 713 493 796 Quum
506 706 549 775 ad
563 708 714 798 saginam
726 705 892 788 ferarum,
914 707 1047 772 muneri
1066 720 1364 798 praeparatarum,
1386 727 1439 772 ca·

379 822 449 888 rius
464 817 613 913 pecudes
628 831 915 911 compararentur,
928 841 970 884 ex
983 818 1091 884 noxiis
1103 814 1287 884 laniandos
1301 833 1439 884 annota-

337 996 339 1002 ,
377 935 442 1016 vit;
458 948 509 1016 et,
522 931 753 1000 custodiarum
767 931 888 998 seriem
901 952 1164 1021 recognoscens,
1180 928 1318 997 nullius
1330 931 1438 1022 iuspe-

379 1059 434 1112 cto
446 1043 589 1136 elogio¹,
603 1061 695 1115 stans
706 1041 941 1110 tautummodo
952 1044 1041 1109 intra
1053 1043 1225 1134 porticum
1238 1040 1439 1123 mediam,a

378 1154 473 1224 calvo
489 1154 533 1223 ad
549 1154 703 1222 calvum2
723 1153 802 1221 duci
820 1156 1005 1246 imperavit.
1023 1159 1148 1222 Votum
1167 1153 1305 1246 exegit³
1320 1153 1365 1221 ab
1380 1175 1437 1234 eo,

379 1270 439 1362 qui
452 1291 515 1359 pro
531 1266 638 1334 salute
652 1290 714 1333 sua
726 1265 958 1359 gladiatoriam
969 1290 1108 1358 operam
1124 1269 1353 1360 promiserat,
1369 1285 1438 1356 spe

378 1379 547 1470 ctavitque
561 1375 650 1442 ferio
668 1375 900 1460 dimicantem,
922 1399 985 1443 nec
1001 1375 1143 1460 dimisit,
1162 1378 1231 1444 nisi
1250 1378 1436 1454 victorem,

380 1501 414 1553 et
430 1502 507 1578 post
522 1484 646 1553 multas
663 1509 792 1577 preces.
813 1485 982 1568 Alterum,
1003 1489 1061 1581 qui
1080 1510 1116 1554 se
1132 1489 1330 1578 periturum
1345 1506 1386 1550 ea
1396 1481 1436 1549 de

379 1623 480 1666 causa
494 1613 650 1682 voverat,
669 1615 885 1668 cunctantem
902 1601 1016 1693 pneris
1036 1597 1188 1684 tradidit,
1207 1597 1436 1666 verbenatum

378 1709 665 1806 infulatumqnel,
684 1691 802 1778 votum
822 1727 1055 1804 reposcentes,
1077 1733 1139 1804 per
1158 1712 1256 1778 vicos
1278 1721 1434 1801 agerent,

379 1968 482 2023 essent,
498 1955 546 2009 sed
559 1955 811 2030 patresfamiliarum
818 1997 828 2024 ,
843 1959 882 2009 ei·
926 1972 1006 2026 qnam
1018 1952 1150 2008 Florealia
1164 1953 1200 2006 ad
1210 1950 1382 2006 irridendum
1392 1950 1436 2002 Ti·

376 2055 422 2089 ves
433 2039 513 2107 igitur
521 2036 670 2102 Romanos,
683 2056 783 2108 eosque
793 2049 881 2102 notor,
924 2032 1028 2086 barium
1042 2033 1177 2086 calvorum
1195 2033 1353 2085 urinisterio
1369 2027 1436 2084 celo-

377 2117 882 2189 nouinfimaesortishornines(iubo-
925 2114 1056 2167 braverat.
1089 2117 1131 2166 lta
1162 2115 1245 2167 Caius
1277 2113 1434 2182 Seianorum

377 2215 440 2250 nam
448 2208 551 2268 partem
561 2197 634 2250 addit
643 2200 749 2250 Momm.
759 2217 773 2249 e
782 2197 881 2268 glossa,
926 2196 1017 2250 odium
1029 2196 1070 2250 his
1080 2195 1167 2250 verbis
1178 2194 1356 2269 prodidisset.
1366 2192 1435 2244 Dixit

377 2295 413 2327 ne
432 2277 491 2346 quis
512 2287 586 2330 notos
602 2275 630 2328 h.
649 2275 667 2328 l.
691 2277 803 2348 infames
822 2295 880 2330 esse
926 2291 1015 2331 autem
1023 2289 1191 2329 anctorstout
1200 2271 1387 2330 tantummodo
1397 2271 1434 2322 in·

377 2355 482 2426 putet),
496 2354 546 2408 hos
562 2358 635 2427 ipsos
653 2370 742 2409 tamen
759 2356 882 2409 debilita-
926 2368 966 2408 tra
975 2356 1105 2428 porticum
1118 2355 1233 2406 mediam
1241 2395 1252 2422 ,
1264 2367 1297 2406 ut
1306 2349 1435 2422 significe-

377 2447 436 2500 tos,
451 2433 634 2504 πιπκρωμίιονς.
655 2436 794 2503 Ceterum,
808 2455 882 2488 corn-
926 2447 980 2502 ret,
994 2455 1047 2487 non
1058 2434 1210 2487 consedisse
1223 2436 1252 2485 in
1263 2429 1391 2485 tribunali
1401 2427 1434 2481 ad

377 2528 476 2584 parant
503 2515 662 2585 interpretes
687 2514 777 2566 locum
801 2517 882 2567 Dion.
926 2515 1091 2588 dispicienda
1103 2512 1379 2584 crimina‚sedbrevi
1388 2508 1433 2561 ob·

378 2596 453 2657 le,
472 2614 519 2663 ro,
535 2598 580 2666 qui
593 2595 646 2646 lruc
659 2598 746 2649 minus
757 2599 882 2668 pertinet.
926 2611 986 2649 tutu
999 2594 1163 2648 defunctum.

414 2675 520 2727 XXVII.
539 2693 561 2726 ι.
578 2675 686 2729 Nullius
700 2675 813 2748 iuspecto
825 2676 881 2729 elo·
962 2676 987 2727 3.
1010 2675 1106 2728 Votum
1125 2671 1224 2747 erepit,
1239 2669 1350 2724 01ect
1368 2667 1433 2733 Dio,

376 2756 465 2830 95031.
477 2773 501 2805 e.
511 2753 619 2821 tabula,
630 2755 657 2804 in
670 2773 722 2824 qna
735 2753 815 2825 eulpa
827 2766 883 2806 erat
926 2754 1000 2820 LIX,
1015 2755 1040 2806 8.

377 2833 543 2904 perscripta,
561 2830 596 2883 ob
616 2849 697 2904 quam
713 2835 741 2884 in
760 2830 884 2884 custodia
963 2839 988 2902 4.
1001 2832 1434 2904 Verberatuminfulatumquernt

379 2911 543 2966 servabatur·
927 2915 1064 2988 publicam
1081 2912 1206 2966 bostiam.
1226 2917 1346 2964 Auctore
1365 2909 1432 2960 enim

416 3011 441 3046 a.
460 2992 486 3043 A
499 2990 574 3042 caluo
589 2989 625 3041 ad
642 2987 761 3056 calvum,
776 3001 827 3042 ete.
843 2990 883 3042 Cf.
927 2993 1068 3058 Turnebo,
1080 2993 1188 3044 Advers.
1198 2992 1290 3057 Xllll,
1304 2990 1353 3056 30,
1364 2989 1434 3040 resti·

378 3073 530 3139 Di0,L1x,
544 3088 586 3123 aa.
599 3071 715 3141 Nempe,
729 3089 811 3141 quum
823 3088 885 3140 por-
929 3085 1015 3124 tutum
1029 3073 1194 3130 uerbenatum
1207 3090 1257 3142 pro
1269 3072 1363 3141 inepto
1377 3085 1431 3118 ver·

378 3153 462 3203 ticum
476 3152 625 3220 ingressus,
638 3162 722 3200 totam
739 3167 885 3219 congrega·
929 3155 1053 3206 heretum.
1072 3154 1216 3224 Comparat
1234 3148 1361 3206 Oudend.
1376 3150 1432 3202 Ser·

381 3243 468 3280 torum
490 3231 517 3279 in
542 3226 663 3279 custodia
686 3226 885 3278 multitudinem
928 3235 998 3285 vium
1010 3232 1042 3283 ad
1053 3234 1126 3302 Virg.
1137 3231 1239 3284 AEneid.
1251 3233 1303 3296 Ill,
1315 3231 1358 3299 57,
1371 3227 1429 3298 qui:

380 3310 465 3361 oculis
474 3308 673 3378 perlustrasset,
683 3311 710 3359 in
721 3321 836 3377 utroque
847 3306 883 3358 la·
931 3337 942 3362 ι
957 3311 1135 3365 Massilienses
1156 3314 1261 3382 quoties
1285 3306 1432 3382 pestilentia

379 3401 435 3439 tere
448 3399 564 3438 extremo
584 3384 664 3437 calvis
682 3387 753 3437 forte
771 3404 884 3456 conspe·
928 3391 1101 3458 laborabant,
1111 3409 1181 3442 unus
1191 3410 1219 3443 se
1230 3387 1431 3461 expauperibus

380 3469 445 3532 ctis,
460 3477 543 3517 totum
556 3466 650 3515 seriem
664 3465 721 3516 sine
733 3463 883 3518 discrimine
929 3472 1061 3524 offerebat
1085 3469 1209 3523 alendum
1234 3489 1306 3522 anno
1333 3472 1430 3536 integro

379 3546 414 3599 ab
429 3563 485 3596 uuo
504 3543 579 3596 calvo
597 3543 632 3596 ad
651 3543 763 3595 alterum
777 3545 836 3597 duci
849 3543 884 3597 ad
928 3549 1041 3623 publicis
1063 3564 1088 3601 er
1109 3549 1263 3621 purioribus
1285 3547 1359 3600 cibis.
1383 3545 1429 3595 llic

378 3627 541 3698 supplicium
550 3627 645 3696 jussit3
661 3644 718 3696 qute
728 3644 771 3678 res
783 3629 811 3678 in
823 3645 885 3697 pro·
928 3641 1022 3701 postea
1037 3639 1141 3681 ornatus
1159 3628 1275 3680 verbenis
1286 3638 1313 3678 et
1328 3622 1431 3676 vestibus

376 3705 497 3758 verbium
510 3702 583 3756 abiit.
595 3703 693 3770 Aliam,
707 3724 817 3778 eamque
830 3724 884 3758 non
928 3710 1017 3774 sacris,
1030 3707 1280 3761 circumducebatur
1292 3716 1429 3778 pertatem

378 3785 468 3836 minus
487 3781 670 3853 probabilem,
684 3784 883 3855 interpretatio·
928 3791 1059 3842 civitatem
1074 3809 1135 3842 cum
1150 3786 1389 3849 exsecrationibus,
1400 3792 1429 3832 nt

377 3882 439 3917 nem
455 3861 502 3914 dat
518 3863 654 3915 R²l⁰0⁸l¹¹⁸
670 3862 705 3915 δᾶ
718 3882 800 3936 mata·
819 3864 882 3918 edit·
928 3873 955 3923 in
967 3873 1054 3943 ipsum
1063 3869 1212 3923 reciderent
1223 3869 1294 3922 mala
1305 3869 1385 3920 totius
1394 3863 1427 3914 ei·

378 3943 495 3996 Casnub.
509 3961 540 3996 ex
552 3944 629 3994 Dion.
642 3944 737 4010 LVlll,
752 3961 797 4013 19,
809 3944 854 3997 nbi
867 3964 883 3997 a
927 3952 1029 4018 vitaris,
1044 3961 1070 4002 et
1081 3952 1118 4003 sic
1126 3950 1312 4023 projiciebatur
1324 3942 1429 4016 (praei-

377 4025 406 4078 L.
422 4024 518 4093 Sejano
532 4023 643 4074 Praetore
659 4041 750 4076 omncs
762 4023 830 4077 calvi
842 4025 884 4080 Se·
927 4030 1341 4102 pitabatur.)·A99eremautem‚
1349 4037 1427 4094 quum

376 4103 433 4171 jani
443 4101 528 4173 (non,
539 4114 569 4152 ut
578 4102 728 4168 Reinesius,
738 4121 830 4157 omnes
841 4104 884 4156 Se-
928 4126 983 4159 non
999 4106 1131 4159 addiderit
1143 4106 1252 4180 aliquo,
1271 4122 1327 4157 non
1341 4104 1426 4153 incer-

374 4184 431 4252 jani
438 4180 519 4251 calvi)
530 4178 656 4252 appellati
664 4179 799 4248 dicuntur,
809 4195 884 4254 post·
929 4199 984 4238 tum
992 4183 1229 4253 intellexitauctor,
1238 4185 1286 4239 sed
1294 4177 1426 4254 suppliciis
