<?xml version="1.0" encoding="UTF-8"?>
<!DOCTYPE html PUBLIC "-//W3C//DTD XHTML 1.0 Transitional//EN"
    "http://www.w3.org/TR/xhtml1/DTD/xhtml1-transitional.dtd">
<html xmlns="http://www.w3.org/1999/xhtml" xml:lang="en" lang="en">
 <head>
  <title>
</title>
<meta http-equiv="Content-Type" content="text/html;charset=utf-8" />
  <meta name='ocr-system' content='tesseract 3.04.00' />
  <meta name='ocr-capabilities' content='ocr_page ocr_carea ocr_par ocr_line ocrx_word'/>
</head>
<body>
  <div class='ocr_page' id='page_1' title='image "./csuetoniitranqu00suetgoog_0020.png"; bbox 0 0 3066 5148; ppageno 0'>
   <div class='ocr_carea' id='block_1_1' title="bbox 334 501 1004 569">
    <p class='ocr_par' dir='ltr' id='par_1_1' title="bbox 334 501 1004 569">
     <span class='ocr_line' id='line_1_1' title="bbox 334 501 1004 569; baseline -0.004 0"><span class='ocrx_word' id='word_1_1' title='bbox 334 505 354 569; x_wconf 87' lang='lat'>8</span> <span class='ocrx_word' id='word_1_2' title='bbox 710 501 746 566; x_wconf 83' lang='lat' dir='ltr'><strong>G.</strong></span> <span class='ocrx_word' id='word_1_3' title='bbox 770 501 1004 568; x_wconf 86' lang='lat' dir='ltr'><strong>SUETONII</strong></span> 
     </span>
    </p>
   </div>
   <div class='ocr_carea' id='block_1_2' title="bbox 330 626 1468 4116">
    <p class='ocr_par' dir='ltr' id='par_1_2' title="bbox 331 626 1383 1272">
     <span class='ocr_line' id='line_1_2' title="bbox 334 626 1381 724; baseline -0.001 -26"><span class='ocrx_word' id='word_1_4' title='bbox 334 630 553 724; x_wconf 88' lang='lat' dir='ltr'><strong>quentiumve</strong></span> <span class='ocrx_word' id='word_1_5' title='bbox 575 651 823 722; x_wconf 89' lang='lat' dir='ltr'><strong>nonnunquam</strong></span> <span class='ocrx_word' id='word_1_6' title='bbox 847 651 926 695; x_wconf 89' lang='lat' dir='ltr'><strong>eum</strong></span> <span class='ocrx_word' id='word_1_7' title='bbox 949 627 1129 696; x_wconf 85' lang='lat' dir='ltr'><strong>discrimen</strong></span> <span class='ocrx_word' id='word_1_8' title='bbox 1153 631 1228 695; x_wconf 87' lang='lat' dir='ltr'><strong>vitae</strong></span> <span class='ocrx_word' id='word_1_9' title='bbox 1252 626 1381 697; x_wconf 88' lang='lat' dir='ltr'><strong>adisse:</strong></span> 
     </span>
     <span class='ocr_line' id='line_1_3' title="bbox 332 734 1383 829; baseline -0.005 -20"><span class='ocrx_word' id='word_1_10' title='bbox 332 764 351 809; x_wconf 86' lang='lat' dir='ltr'><strong>a</strong></span> <span class='ocrx_word' id='word_1_11' title='bbox 372 741 552 808; x_wconf 81' lang='lat' dir='ltr'><strong>Germania</strong></span> <span class='ocrx_word' id='word_1_12' title='bbox 570 761 667 819; x_wconf 86' lang='lat' dir='ltr'><strong>vero,</strong></span> <span class='ocrx_word' id='word_1_13' title='bbox 690 753 768 829; x_wconf 90' lang='lat' dir='ltr'><strong>post</strong></span> <span class='ocrx_word' id='word_1_14' title='bbox 788 760 1017 829; x_wconf 85' lang='lat' dir='ltr'><strong>compressam</strong></span> <span class='ocrx_word' id='word_1_15' title='bbox 1038 734 1250 822; x_wconf 77' lang='lat' dir='ltr'><strong>seditionem,</strong></span> <span class='ocrx_word' id='word_1_16' title='bbox 1273 761 1383 806; x_wconf 86' lang='lat' dir='ltr'><strong>rever-</strong></span> 
     </span>
     <span class='ocr_line' id='line_1_4' title="bbox 331 844 1381 942; baseline -0.003 -25"><span class='ocrx_word' id='word_1_17' title='bbox 331 852 431 932; x_wconf 85' lang='lat' dir='ltr'><strong>tenti,</strong></span> <span class='ocrx_word' id='word_1_18' title='bbox 450 848 668 942; x_wconf 87' lang='lat' dir='ltr'><strong>practorianas</strong></span> <span class='ocrx_word' id='word_1_19' title='bbox 689 844 844 914; x_wconf 85' lang='lat' dir='ltr'><strong>cohortes</strong></span> <span class='ocrx_word' id='word_1_20' title='bbox 865 849 1039 914; x_wconf 89' lang='lat' dir='ltr'><strong>universas</strong></span> <span class='ocrx_word' id='word_1_21' title='bbox 1057 845 1210 939; x_wconf 84' lang='lat' dir='ltr'><strong>prodisse</strong></span> <span class='ocrx_word' id='word_1_22' title='bbox 1228 844 1381 929; x_wconf 89' lang='lat' dir='ltr'><strong>obviam,</strong></span> 
     </span>
     <span class='ocr_line' id='line_1_5' title="bbox 333 956 1383 1055; baseline -0.004 -27"><span class='ocrx_word' id='word_1_23' title='bbox 333 961 487 1055; x_wconf 89' lang='lat' dir='ltr'><strong>quamvis</strong></span> <span class='ocrx_word' id='word_1_24' title='bbox 505 959 767 1051; x_wconf 85' lang='lat' dir='ltr'><strong>pronunciatum</strong></span> <span class='ocrx_word' id='word_1_25' title='bbox 788 974 893 1040; x_wconf 82' lang='lat' dir='ltr'><strong>esset,</strong></span> <span class='ocrx_word' id='word_1_26' title='bbox 912 973 951 1024; x_wconf 94' lang='lat' dir='ltr'><strong>ut</strong></span> <span class='ocrx_word' id='word_1_27' title='bbox 969 956 1046 1025; x_wconf 83' lang='lat' dir='ltr'><strong>duee</strong></span> <span class='ocrx_word' id='word_1_28' title='bbox 1063 956 1298 1024; x_wconf 88' lang='lat' dir='ltr'><strong>tantummodo</strong></span> <span class='ocrx_word' id='word_1_29' title='bbox 1316 959 1383 1024; x_wconf 86' lang='lat' dir='ltr'><strong>exi-</strong></span> 
     </span>
     <span class='ocr_line' id='line_1_6' title="bbox 331 1065 1382 1160; baseline -0.001 -26"><span class='ocrx_word' id='word_1_30' title='bbox 331 1083 423 1149; x_wconf 91' lang='lat' dir='ltr'><strong>rent;</strong></span> <span class='ocrx_word' id='word_1_31' title='bbox 447 1065 566 1160; x_wconf 90' lang='lat' dir='ltr'><strong>populi</strong></span> <span class='ocrx_word' id='word_1_32' title='bbox 588 1082 703 1133; x_wconf 90' lang='lat' dir='ltr'><strong>autem</strong></span> <span class='ocrx_word' id='word_1_33' title='bbox 727 1068 870 1132; x_wconf 87' lang='lat' dir='ltr'><strong>Romani</strong></span> <span class='ocrx_word' id='word_1_34' title='bbox 893 1089 1030 1149; x_wconf 88' lang='lat' dir='ltr'><strong>sexum,</strong></span> <span class='ocrx_word' id='word_1_35' title='bbox 1054 1081 1205 1149; x_wconf 77' lang='lat' dir='ltr'><strong>aetatem,</strong></span> <span class='ocrx_word' id='word_1_36' title='bbox 1228 1065 1382 1135; x_wconf 87' lang='lat' dir='ltr'><strong>ordinem</strong></span> 
     </span>
     <span class='ocr_line' id='line_1_7' title="bbox 332 1174 1249 1272; baseline -0.001 -26"><span class='ocrx_word' id='word_1_37' title='bbox 332 1201 469 1246; x_wconf 87' lang='lat' dir='ltr'><strong>omnem</strong></span> <span class='ocrx_word' id='word_1_38' title='bbox 480 1201 589 1272; x_wconf 92' lang='lat' dir='ltr'><strong>usque</strong></span> <span class='ocrx_word' id='word_1_39' title='bbox 603 1175 647 1244; x_wconf 94' lang='lat' dir='ltr'><strong>ad</strong></span> <span class='ocrx_word' id='word_1_40' title='bbox 660 1179 857 1245; x_wconf 91' lang='lat' dir='ltr'><strong>vicesimum</strong></span> <span class='ocrx_word' id='word_1_41' title='bbox 868 1174 1017 1269; x_wconf 84' lang='lat' dir='ltr'><strong>lapidem</strong></span> <span class='ocrx_word' id='word_1_42' title='bbox 1027 1176 1188 1245; x_wconf 85' lang='lat' dir='ltr'><strong>effudisse</strong></span> <span class='ocrx_word' id='word_1_43' title='bbox 1202 1201 1249 1245; x_wconf 87' lang='lat' dir='ltr'><strong>se.</strong></span> 
     </span>
    </p>

    <p class='ocr_par' dir='ltr' id='par_1_3' title="bbox 330 1285 1388 2490">
     <span class='ocr_line' id='line_1_8' title="bbox 377 1285 1383 1380; baseline -0.001 -26"><span class='ocrx_word' id='word_1_44' title='bbox 377 1294 418 1357; x_wconf 92' lang='lat' dir='ltr'><strong>V.</strong></span> <span class='ocrx_word' id='word_1_45' title='bbox 444 1288 575 1356; x_wconf 86' lang='lat' dir='ltr'><strong>Tamen</strong></span> <span class='ocrx_word' id='word_1_46' title='bbox 590 1285 690 1379; x_wconf 76' lang='lat' dir='ltr'><strong>longe</strong></span> <span class='ocrx_word' id='word_1_47' title='bbox 710 1285 840 1380; x_wconf 87' lang='lat' dir='ltr'><strong>majora</strong></span> <span class='ocrx_word' id='word_1_48' title='bbox 856 1304 890 1354; x_wconf 92' lang='lat' dir='ltr'><strong>et</strong></span> <span class='ocrx_word' id='word_1_49' title='bbox 910 1286 1059 1355; x_wconf 90' lang='lat' dir='ltr'><strong>firmiora</strong></span> <span class='ocrx_word' id='word_1_50' title='bbox 1078 1285 1121 1354; x_wconf 90' lang='lat' dir='ltr'><strong>dc</strong></span> <span class='ocrx_word' id='word_1_51' title='bbox 1140 1311 1181 1354; x_wconf 90' lang='lat' dir='ltr'><strong>co</strong></span> <span class='ocrx_word' id='word_1_52' title='bbox 1199 1285 1327 1380; x_wconf 84' lang='lat' dir='ltr'><strong>judicia</strong></span> <span class='ocrx_word' id='word_1_53' title='bbox 1345 1289 1383 1353; x_wconf 92' lang='lat' dir='ltr'><strong>in</strong></span> 
     </span>
     <span class='ocr_line' id='line_1_9' title="bbox 330 1399 1382 1494; baseline -0.005 -24"><span class='ocrx_word' id='word_1_54' title='bbox 330 1417 438 1470; x_wconf 89' lang='lat' dir='ltr'><strong>morte</strong></span> <span class='ocrx_word' id='word_1_55' title='bbox 457 1425 496 1468; x_wconf 91' lang='lat' dir='ltr'><strong>ac</strong></span> <span class='ocrx_word' id='word_1_56' title='bbox 514 1416 592 1494; x_wconf 87' lang='lat' dir='ltr'><strong>post</strong></span> <span class='ocrx_word' id='word_1_57' title='bbox 608 1417 752 1468; x_wconf 90' lang='lat' dir='ltr'><strong>mortem</strong></span> <span class='ocrx_word' id='word_1_58' title='bbox 766 1402 932 1467; x_wconf 81' lang='lat' dir='ltr'><strong>exstitere.</strong></span> <span class='ocrx_word' id='word_1_59' title='bbox 953 1405 1028 1486; x_wconf 92' lang='lat' dir='ltr'><strong>Quo</strong></span> <span class='ocrx_word' id='word_1_60' title='bbox 1043 1399 1222 1468; x_wconf 81' lang='lat' dir='ltr'><strong>defunctus</strong></span> <span class='ocrx_word' id='word_1_61' title='bbox 1242 1415 1293 1466; x_wconf 92' lang='lat' dir='ltr'><strong>est</strong></span> <span class='ocrx_word' id='word_1_62' title='bbox 1308 1399 1382 1482; x_wconf 84' lang='lat' dir='ltr'><strong>die,</strong></span> 
     </span>
     <span class='ocr_line' id='line_1_10' title="bbox 332 1505 1384 1605; baseline 0 -27"><span class='ocrx_word' id='word_1_63' title='bbox 332 1505 494 1604; x_wconf 90' lang='lat' dir='ltr'><strong>lapidata¹</strong></span> <span class='ocrx_word' id='word_1_64' title='bbox 510 1527 590 1582; x_wconf 90' lang='lat' dir='ltr'><strong>sunt</strong></span> <span class='ocrx_word' id='word_1_65' title='bbox 602 1510 742 1604; x_wconf 89' lang='lat' dir='ltr'><strong>templa,</strong></span> <span class='ocrx_word' id='word_1_66' title='bbox 758 1511 928 1580; x_wconf 77' lang='lat' dir='ltr'><strong>subversae</strong></span> <span class='ocrx_word' id='word_1_67' title='bbox 942 1516 1051 1579; x_wconf 91' lang='lat' dir='ltr'><strong>Deum</strong></span> <span class='ocrx_word' id='word_1_68' title='bbox 1065 1535 1148 1595; x_wconf 89' lang='lat' dir='ltr'><strong>arae,</strong></span> <span class='ocrx_word' id='word_1_69' title='bbox 1163 1515 1266 1578; x_wconf 88' lang='lat' dir='ltr'><strong>Lares</strong></span> <span class='ocrx_word' id='word_1_70' title='bbox 1280 1535 1300 1579; x_wconf 91' lang='lat' dir='ltr'><strong>a</strong></span> <span class='ocrx_word' id='word_1_71' title='bbox 1312 1513 1384 1605; x_wconf 89' lang='lat' dir='ltr'><strong>qui·</strong></span> 
     </span>
     <span class='ocr_line' id='line_1_11' title="bbox 330 1619 1384 1714; baseline -0.003 -24"><span class='ocrx_word' id='word_1_72' title='bbox 330 1619 476 1690; x_wconf 90' lang='lat' dir='ltr'><strong>busdam</strong></span> <span class='ocrx_word' id='word_1_73' title='bbox 487 1621 667 1689; x_wconf 85' lang='lat' dir='ltr'><strong>familiares</strong></span> <span class='ocrx_word' id='word_1_74' title='bbox 679 1625 715 1688; x_wconf 89' lang='lat' dir='ltr'><strong>in</strong></span> <span class='ocrx_word' id='word_1_75' title='bbox 725 1619 901 1713; x_wconf 92' lang='lat' dir='ltr'><strong>publicum</strong></span> <span class='ocrx_word' id='word_1_76' title='bbox 912 1619 1049 1714; x_wconf 89' lang='lat' dir='ltr'><strong>abjecti,</strong></span> <span class='ocrx_word' id='word_1_77' title='bbox 1065 1638 1183 1714; x_wconf 82' lang='lat' dir='ltr'><strong>partus</strong></span> <span class='ocrx_word' id='word_1_78' title='bbox 1199 1619 1384 1714; x_wconf 76' lang='lat' dir='ltr'><strong>conjugum</strong></span> 
     </span>
     <span class='ocr_line' id='line_1_12' title="bbox 331 1732 1383 1828; baseline -0.001 -27"><span class='ocrx_word' id='word_1_79' title='bbox 331 1735 485 1826; x_wconf 76' lang='lat' dir='ltr'><strong>expositi.</strong></span> <span class='ocrx_word' id='word_1_80' title='bbox 508 1735 597 1820; x_wconf 91' lang='lat' dir='ltr'><strong>Quin</strong></span> <span class='ocrx_word' id='word_1_81' title='bbox 621 1749 655 1800; x_wconf 91' lang='lat' dir='ltr'><strong>et</strong></span> <span class='ocrx_word' id='word_1_82' title='bbox 675 1732 838 1801; x_wconf 89' lang='lat' dir='ltr'><strong>barbaros</strong></span> <span class='ocrx_word' id='word_1_83' title='bbox 860 1734 994 1816; x_wconf 89' lang='lat' dir='ltr'><strong>ferunt,</strong></span> <span class='ocrx_word' id='word_1_84' title='bbox 1019 1733 1144 1828; x_wconf 91' lang='lat' dir='ltr'><strong>quibus</strong></span> <span class='ocrx_word' id='word_1_85' title='bbox 1164 1734 1383 1815; x_wconf 88' lang='lat' dir='ltr'><strong>intestinum,</strong></span> 
     </span>
     <span class='ocr_line' id='line_1_13' title="bbox 333 1841 1386 1939; baseline -0.001 -28"><span class='ocrx_word' id='word_1_86' title='bbox 333 1843 525 1939; x_wconf 89' lang='lat' dir='ltr'><strong>quibusque</strong></span> <span class='ocrx_word' id='word_1_87' title='bbox 538 1843 700 1912; x_wconf 90' lang='lat' dir='ltr'><strong>adversus</strong></span> <span class='ocrx_word' id='word_1_88' title='bbox 712 1869 775 1912; x_wconf 91' lang='lat' dir='ltr'><strong>nos</strong></span> <span class='ocrx_word' id='word_1_89' title='bbox 787 1841 916 1911; x_wconf 91' lang='lat' dir='ltr'><strong>ballum</strong></span> <span class='ocrx_word' id='word_1_90' title='bbox 928 1861 1032 1929; x_wconf 89' lang='lat' dir='ltr'><strong>esset,</strong></span> <span class='ocrx_word' id='word_1_91' title='bbox 1050 1843 1188 1912; x_wconf 88' lang='lat' dir='ltr'><strong>velutin</strong></span> <span class='ocrx_word' id='word_1_92' title='bbox 1200 1843 1386 1912; x_wconf 91' lang='lat' dir='ltr'><strong>domestico</strong></span> 
     </span>
     <span class='ocr_line' id='line_1_14' title="bbox 332 1953 1385 2050; baseline 0 -28"><span class='ocrx_word' id='word_1_93' title='bbox 332 1957 574 2050; x_wconf 86' lang='lat' dir='ltr'><strong>communique</strong></span> <span class='ocrx_word' id='word_1_94' title='bbox 592 1977 752 2038; x_wconf 87' lang='lat' dir='ltr'><strong>moerore,</strong></span> <span class='ocrx_word' id='word_1_95' title='bbox 771 1956 982 2024; x_wconf 90' lang='lat' dir='ltr'><strong>consensisse</strong></span> <span class='ocrx_word' id='word_1_96' title='bbox 1001 1954 1044 2023; x_wconf 92' lang='lat' dir='ltr'><strong>ad</strong></span> <span class='ocrx_word' id='word_1_97' title='bbox 1062 1953 1232 2024; x_wconf 90' lang='lat' dir='ltr'><strong>inducias:</strong></span> <span class='ocrx_word' id='word_1_98' title='bbox 1247 1953 1385 2046; x_wconf 76' lang='lat' dir='ltr'><strong>regulos</strong></span> 
     </span>
     <span class='ocr_line' id='line_1_15' title="bbox 333 2062 1386 2164; baseline -0.001 -32"><span class='ocrx_word' id='word_1_99' title='bbox 333 2062 499 2158; x_wconf 90' lang='lat' dir='ltr'><strong>quosdam</strong></span> <span class='ocrx_word' id='word_1_100' title='bbox 520 2064 661 2132; x_wconf 86' lang='lat' dir='ltr'><strong>barbam</strong></span> <span class='ocrx_word' id='word_1_101' title='bbox 681 2067 870 2157; x_wconf 81' lang='lat' dir='ltr'><strong>posuisse²,</strong></span> <span class='ocrx_word' id='word_1_102' title='bbox 892 2083 927 2133; x_wconf 90' lang='lat' dir='ltr'><strong>et</strong></span> <span class='ocrx_word' id='word_1_103' title='bbox 946 2090 1092 2135; x_wconf 81' lang='lat' dir='ltr'><strong>uxorum</strong></span> <span class='ocrx_word' id='word_1_104' title='bbox 1112 2067 1222 2164; x_wconf 89' lang='lat' dir='ltr'><strong>capita</strong></span> <span class='ocrx_word' id='word_1_105' title='bbox 1242 2067 1386 2148; x_wconf 87' lang='lat' dir='ltr'><strong>rasisse,</strong></span> 
     </span>
     <span class='ocr_line' id='line_1_16' title="bbox 333 2173 1388 2271; baseline 0.002 -29"><span class='ocrx_word' id='word_1_106' title='bbox 333 2174 377 2242; x_wconf 90' lang='lat' dir='ltr'><strong>ad</strong></span> <span class='ocrx_word' id='word_1_107' title='bbox 389 2176 552 2244; x_wconf 90' lang='lat' dir='ltr'><strong>indicium</strong></span> <span class='ocrx_word' id='word_1_108' title='bbox 562 2179 699 2245; x_wconf 85' lang='lat' dir='ltr'><strong>maximi</strong></span> <span class='ocrx_word' id='word_1_109' title='bbox 709 2175 838 2244; x_wconf 91' lang='lat' dir='ltr'><strong>luctus:</strong></span> <span class='ocrx_word' id='word_1_110' title='bbox 852 2201 970 2271; x_wconf 77' lang='lat' dir='ltr'><strong>regum</strong></span> <span class='ocrx_word' id='word_1_111' title='bbox 984 2179 1083 2245; x_wconf 87' lang='lat' dir='ltr'><strong>ctiam</strong></span> <span class='ocrx_word' id='word_1_112' title='bbox 1095 2173 1227 2270; x_wconf 76' lang='lat' dir='ltr'><strong>regem³</strong></span> <span class='ocrx_word' id='word_1_113' title='bbox 1241 2193 1275 2243; x_wconf 92' lang='lat' dir='ltr'><strong>et</strong></span> <span class='ocrx_word' id='word_1_114' title='bbox 1289 2200 1388 2244; x_wconf 84' lang='lat' dir='ltr'><strong>exer-</strong></span> 
     </span>
     <span class='ocr_line' id='line_1_17' title="bbox 334 2277 1387 2380; baseline 0.001 -26"><span class='ocrx_word' id='word_1_115' title='bbox 334 2289 491 2355; x_wconf 88' lang='lat' dir='ltr'><strong>citatione</strong></span> <span class='ocrx_word' id='word_1_116' title='bbox 507 2277 669 2370; x_wconf 77' lang='lat' dir='ltr'><strong>renandi‚</strong></span> <span class='ocrx_word' id='word_1_117' title='bbox 681 2304 716 2355; x_wconf 91' lang='lat' dir='ltr'><strong>et</strong></span> <span class='ocrx_word' id='word_1_118' title='bbox 729 2292 885 2356; x_wconf 89' lang='lat' dir='ltr'><strong>convictu</strong></span> <span class='ocrx_word' id='word_1_119' title='bbox 901 2285 1148 2380; x_wconf 64' lang='lat' dir='ltr'><strong>Megtstanumt</strong></span> <span class='ocrx_word' id='word_1_120' title='bbox 1163 2286 1387 2370; x_wconf 88' lang='lat' dir='ltr'><strong>abstinuisse,</strong></span> 
     </span>
     <span class='ocr_line' id='line_1_18' title="bbox 336 2394 1011 2490; baseline 0.004 -28"><span class='ocrx_word' id='word_1_121' title='bbox 336 2394 429 2489; x_wconf 92' lang='lat' dir='ltr'><strong>quod</strong></span> <span class='ocrx_word' id='word_1_122' title='bbox 442 2396 535 2489; x_wconf 93' lang='lat' dir='ltr'><strong>apud</strong></span> <span class='ocrx_word' id='word_1_123' title='bbox 546 2396 686 2464; x_wconf 88' lang='lat' dir='ltr'><strong>Parthos</strong></span> <span class='ocrx_word' id='word_1_124' title='bbox 698 2394 817 2490; x_wconf 88' lang='lat' dir='ltr'><strong>justitii</strong></span> <span class='ocrx_word' id='word_1_125' title='bbox 829 2399 937 2464; x_wconf 87' lang='lat' dir='ltr'><strong>instar</strong></span> <span class='ocrx_word' id='word_1_126' title='bbox 949 2414 1011 2465; x_wconf 89' lang='lat' dir='ltr'><strong>est.</strong></span> 
     </span>
    </p>

    <p class='ocr_par' dir='ltr' id='par_1_4' title="bbox 338 2505 1392 2931">
     <span class='ocr_line' id='line_1_19' title="bbox 383 2505 1390 2603; baseline 0.003 -32"><span class='ocrx_word' id='word_1_127' title='bbox 383 2509 441 2572; x_wconf 88' lang='lat' dir='ltr'><strong>Vl.</strong></span> <span class='ocrx_word' id='word_1_128' title='bbox 467 2511 582 2574; x_wconf 87' lang='lat' dir='ltr'><strong>Romae</strong></span> <span class='ocrx_word' id='word_1_129' title='bbox 594 2506 747 2602; x_wconf 87' lang='lat' dir='ltr'><strong>quidem,</strong></span> <span class='ocrx_word' id='word_1_130' title='bbox 760 2533 867 2603; x_wconf 92' lang='lat' dir='ltr'><strong>quum</strong></span> <span class='ocrx_word' id='word_1_131' title='bbox 877 2506 921 2575; x_wconf 92' lang='lat' dir='ltr'><strong>ad</strong></span> <span class='ocrx_word' id='word_1_132' title='bbox 933 2511 1077 2602; x_wconf 88' lang='lat' dir='ltr'><strong>primam</strong></span> <span class='ocrx_word' id='word_1_133' title='bbox 1089 2507 1213 2575; x_wconf 81' lang='lat' dir='ltr'><strong>famam</strong></span> <span class='ocrx_word' id='word_1_134' title='bbox 1225 2505 1390 2575; x_wconf 89' lang='lat' dir='ltr'><strong>valetudi-</strong></span> 
     </span>
     <span class='ocr_line' id='line_1_20' title="bbox 338 2618 1390 2713; baseline 0.002 -31"><span class='ocrx_word' id='word_1_135' title='bbox 338 2618 391 2682; x_wconf 91' lang='lat' dir='ltr'><strong>nis</strong></span> <span class='ocrx_word' id='word_1_136' title='bbox 403 2619 545 2683; x_wconf 90' lang='lat' dir='ltr'><strong>attonita</strong></span> <span class='ocrx_word' id='word_1_137' title='bbox 559 2633 593 2683; x_wconf 93' lang='lat' dir='ltr'><strong>et</strong></span> <span class='ocrx_word' id='word_1_138' title='bbox 605 2634 724 2686; x_wconf 88' lang='lat' dir='ltr'><strong>moesta</strong></span> <span class='ocrx_word' id='word_1_139' title='bbox 739 2621 855 2685; x_wconf 86' lang='lat' dir='ltr'><strong>civitas</strong></span> <span class='ocrx_word' id='word_1_140' title='bbox 870 2633 1050 2713; x_wconf 88' lang='lat' dir='ltr'><strong>sequentes</strong></span> <span class='ocrx_word' id='word_1_141' title='bbox 1062 2621 1203 2686; x_wconf 89' lang='lat' dir='ltr'><strong>nuncios</strong></span> <span class='ocrx_word' id='word_1_142' title='bbox 1217 2619 1390 2711; x_wconf 91' lang='lat' dir='ltr'><strong>opperire·</strong></span> 
     </span>
     <span class='ocr_line' id='line_1_21' title="bbox 338 2725 1390 2822; baseline 0.003 -30"><span class='ocrx_word' id='word_1_143' title='bbox 338 2741 410 2807; x_wconf 90' lang='lat' dir='ltr'><strong>tur,</strong></span> <span class='ocrx_word' id='word_1_144' title='bbox 434 2742 469 2794; x_wconf 89' lang='lat' dir='ltr'><strong>et</strong></span> <span class='ocrx_word' id='word_1_145' title='bbox 488 2743 627 2820; x_wconf 86' lang='lat' dir='ltr'><strong>repente</strong></span> <span class='ocrx_word' id='word_1_146' title='bbox 645 2725 718 2821; x_wconf 90' lang='lat' dir='ltr'><strong>jam</strong></span> <span class='ocrx_word' id='word_1_147' title='bbox 738 2732 870 2822; x_wconf 88' lang='lat' dir='ltr'><strong>vesperi</strong></span> <span class='ocrx_word' id='word_1_148' title='bbox 893 2731 1028 2796; x_wconf 89' lang='lat' dir='ltr'><strong>incertis</strong></span> <span class='ocrx_word' id='word_1_149' title='bbox 1051 2729 1245 2798; x_wconf 90' lang='lat' dir='ltr'><strong>auctoribus</strong></span> <span class='ocrx_word' id='word_1_150' title='bbox 1267 2753 1390 2796; x_wconf 90' lang='lat' dir='ltr'><strong>conva-</strong></span> 
     </span>
     <span class='ocr_line' id='line_1_22' title="bbox 339 2834 1392 2931; baseline 0.003 -28"><span class='ocrx_word' id='word_1_151' title='bbox 339 2834 443 2904; x_wconf 87' lang='lat' dir='ltr'><strong>luisse</strong></span> <span class='ocrx_word' id='word_1_152' title='bbox 459 2834 596 2905; x_wconf 85' lang='lat' dir='ltr'><strong>tandem</strong></span> <span class='ocrx_word' id='word_1_153' title='bbox 608 2839 908 2930; x_wconf 87' lang='lat' dir='ltr'><strong>percrebruisset¹,</strong></span> <span class='ocrx_word' id='word_1_154' title='bbox 925 2841 1051 2931; x_wconf 90' lang='lat' dir='ltr'><strong>passim</strong></span> <span class='ocrx_word' id='word_1_155' title='bbox 1065 2863 1144 2906; x_wconf 92' lang='lat' dir='ltr'><strong>cum</strong></span> <span class='ocrx_word' id='word_1_156' title='bbox 1155 2837 1340 2908; x_wconf 90' lang='lat' dir='ltr'><strong>luminibus</strong></span> <span class='ocrx_word' id='word_1_157' title='bbox 1354 2856 1392 2907; x_wconf 90' lang='lat' dir='ltr'><strong>ct</strong></span> 
     </span>
    </p>

    <p class='ocr_par' dir='ltr' id='par_1_5' title="bbox 337 3009 1391 3242">
     <span class='ocr_line' id='line_1_23' title="bbox 375 3009 1391 3083; baseline 0.002 -21"><span class='ocrx_word' id='word_1_158' title='bbox 375 3013 406 3063; x_wconf 88' lang='lat' dir='ltr'><strong>V.</strong></span> <span class='ocrx_word' id='word_1_159' title='bbox 429 3025 453 3062; x_wconf 87' lang='lat' dir='ltr'><strong>t.</strong></span> <span class='ocrx_word' id='word_1_160' title='bbox 471 3010 616 3082; x_wconf 82' lang='lat' dir='ltr'><strong>Lapidata;</strong></span> <span class='ocrx_word' id='word_1_161' title='bbox 633 3010 768 3083; x_wconf 85' lang='lat' dir='ltr'><strong>lapidibus</strong></span> <span class='ocrx_word' id='word_1_162' title='bbox 781 3030 842 3083; x_wconf 86' lang='lat' dir='ltr'><strong>per·</strong></span> <span class='ocrx_word' id='word_1_163' title='bbox 886 3009 1000 3074; x_wconf 63' lang='lat' dir='ltr'><strong>Bantius</strong></span> <span class='ocrx_word' id='word_1_164' title='bbox 1008 3011 1111 3064; x_wconf 88' lang='lat' dir='ltr'><strong>dicitur.</strong></span> <span class='ocrx_word' id='word_1_165' title='bbox 1120 3009 1334 3082; x_wconf 86' lang='lat' dir='ltr'><strong>ldem‚Pompei.</strong></span> <span class='ocrx_word' id='word_1_166' title='bbox 1343 3011 1391 3079; x_wconf 87' lang='grc'><strong>38,</strong></span> 
     </span>
     <span class='ocr_line' id='line_1_24' title="bbox 339 3089 1391 3161; baseline 0.002 -21"><span class='ocrx_word' id='word_1_167' title='bbox 339 3105 425 3152; x_wconf 68' lang='lat' dir='ltr'><strong>cussa.</strong></span> <span class='ocrx_word' id='word_1_168' title='bbox 439 3090 479 3140; x_wconf 89' lang='lat' dir='ltr'><strong>De</strong></span> <span class='ocrx_word' id='word_1_169' title='bbox 488 3089 568 3161; x_wconf 84' lang='lat' dir='ltr'><strong>hujus</strong></span> <span class='ocrx_word' id='word_1_170' title='bbox 576 3089 648 3142; x_wconf 87' lang='lat' dir='ltr'><strong>verbi</strong></span> <span class='ocrx_word' id='word_1_171' title='bbox 659 3108 709 3142; x_wconf 91' lang='lat' dir='ltr'><strong>usu</strong></span> <span class='ocrx_word' id='word_1_172' title='bbox 716 3089 775 3142; x_wconf 84' lang='lat' dir='ltr'><strong>vide</strong></span> <span class='ocrx_word' id='word_1_173' title='bbox 785 3108 842 3160; x_wconf 73' lang='lat' dir='ltr'><strong>quus</strong></span> <span class='ocrx_word' id='word_1_174' title='bbox 886 3091 958 3144; x_wconf 90' lang='lat' dir='ltr'><strong>hunc</strong></span> <span class='ocrx_word' id='word_1_175' title='bbox 965 3092 1060 3146; x_wconf 85' lang='lat' dir='ltr'><strong>ducem</strong></span> <span class='ocrx_word' id='word_1_176' title='bbox 1069 3089 1240 3161; x_wconf 77' lang='lat' dir='ltr'><strong>dedignatum</strong></span> <span class='ocrx_word' id='word_1_177' title='bbox 1248 3102 1350 3158; x_wconf 83' lang='lat' dir='ltr'><strong>narrat,</strong></span> <span class='ocrx_word' id='word_1_178' title='bbox 1359 3092 1391 3143; x_wconf 85' lang='lat' dir='ltr'><strong>in</strong></span> 
     </span>
     <span class='ocr_line' id='line_1_25' title="bbox 337 3166 1390 3242; baseline 0.005 -23"><span class='ocrx_word' id='word_1_179' title='bbox 337 3172 442 3225; x_wconf 86' lang='lat' dir='ltr'><strong>notavit</strong></span> <span class='ocrx_word' id='word_1_180' title='bbox 453 3169 551 3222; x_wconf 80' lang='lat' dir='ltr'><strong>Duker.</strong></span> <span class='ocrx_word' id='word_1_181' title='bbox 565 3168 598 3221; x_wconf 89' lang='lat' dir='ltr'><strong>ad</strong></span> <span class='ocrx_word' id='word_1_182' title='bbox 609 3168 678 3222; x_wconf 81' lang='lat' dir='ltr'><strong>Flor.</strong></span> <span class='ocrx_word' id='word_1_183' title='bbox 691 3172 715 3237; x_wconf 86' lang='grc' dir='ltr'><strong>Ι,</strong></span> <span class='ocrx_word' id='word_1_184' title='bbox 727 3187 774 3236; x_wconf 78' lang='lat' dir='ltr'><strong>aa,</strong></span> <span class='ocrx_word' id='word_1_185' title='bbox 787 3186 812 3221; x_wconf 83' lang='lat'><strong>2.</strong></span> <span class='ocrx_word' id='word_1_186' title='bbox 886 3170 967 3224; x_wconf 82' lang='lat' dir='ltr'><strong>literis</strong></span> <span class='ocrx_word' id='word_1_187' title='bbox 982 3169 1022 3224; x_wconf 77' lang='lat' dir='ltr'><strong>cir</strong></span> <span class='ocrx_word' id='word_1_188' title='bbox 1039 3171 1137 3242; x_wconf 65' lang='grc' dir='ltr'><strong>Πιρθον</strong></span> <span class='ocrx_word' id='word_1_189' title='bbox 1152 3166 1257 3232; x_wconf 63' lang='lat' dir='ltr'><strong>tentata</strong></span> <span class='ocrx_word' id='word_1_190' title='bbox 1272 3168 1390 3232; x_wconf 45' lang='lat' dir='ltr'><strong>&amp;utus</strong></span> 
     </span>
    </p>

    <p class='ocr_par' dir='ltr' id='par_1_6' title="bbox 377 3249 1081 3323">
     <span class='ocr_line' id='line_1_26' title="bbox 377 3249 1081 3323; baseline -0.001 -23"><span class='ocrx_word' id='word_1_191' title='bbox 377 3266 401 3300; x_wconf 74' lang='lat' dir='ltr'><strong>a.</strong></span> <span class='ocrx_word' id='word_1_192' title='bbox 420 3249 583 3323; x_wconf 52' lang='grc' dir='ltr'><strong>ὡραῖοι...</strong></span> <span class='ocrx_word' id='word_1_193' title='bbox 600 3251 705 3303; x_wconf 80' lang='lat' dir='ltr'><strong>barbam</strong></span> <span class='ocrx_word' id='word_1_194' title='bbox 722 3250 841 3322; x_wconf 76' lang='lat' dir='ltr'><strong>posuisse.</strong></span> <span class='ocrx_word' id='word_1_195' title='bbox 887 3250 1081 3320; x_wconf 57' lang='grc' dir='ltr'><strong>προαγορεῦσαι.</strong></span> 
     </span>
    </p>

    <p class='ocr_par' dir='ltr' id='par_1_7' title="bbox 338 3325 1393 3877">
     <span class='ocr_line' id='line_1_27' title="bbox 339 3325 1391 3406; baseline 0.005 -28"><span class='ocrx_word' id='word_1_196' title='bbox 339 3326 453 3380; x_wconf 86' lang='lat' dir='ltr'><strong>Barbam</strong></span> <span class='ocrx_word' id='word_1_197' title='bbox 464 3346 564 3398; x_wconf 89' lang='lat' dir='ltr'><strong>ponere</strong></span> <span class='ocrx_word' id='word_1_198' title='bbox 575 3329 603 3380; x_wconf 90' lang='lat' dir='ltr'><strong>iu</strong></span> <span class='ocrx_word' id='word_1_199' title='bbox 613 3326 687 3380; x_wconf 92' lang='lat' dir='ltr'><strong>luctu</strong></span> <span class='ocrx_word' id='word_1_200' title='bbox 697 3341 723 3380; x_wconf 91' lang='lat' dir='ltr'><strong>et</strong></span> <span class='ocrx_word' id='word_1_201' title='bbox 732 3325 842 3400; x_wconf 86' lang='lat' dir='ltr'><strong>capillos</strong></span> <span class='ocrx_word' id='word_1_202' title='bbox 924 3330 949 3397; x_wconf 94' lang='grc'><strong>4.</strong></span> <span class='ocrx_word' id='word_1_203' title='bbox 969 3325 1157 3406; x_wconf 54' lang='lat' dir='ltr'><strong>Minaeum,</strong></span> <span class='ocrx_word' id='word_1_204' title='bbox 1170 3347 1320 3401; x_wconf 85' lang='lat' dir='ltr'><strong>procerum.</strong></span> <span class='ocrx_word' id='word_1_205' title='bbox 1335 3333 1391 3383; x_wconf 61' lang='lat' dir='ltr'><strong>Tar</strong></span> 
     </span>
     <span class='ocr_line' id='line_1_28' title="bbox 338 3404 1393 3484; baseline 0.002 -26"><span class='ocrx_word' id='word_1_206' title='bbox 338 3406 447 3470; x_wconf 87' lang='lat' dir='ltr'><strong>radere,</strong></span> <span class='ocrx_word' id='word_1_207' title='bbox 461 3404 584 3475; x_wconf 75' lang='lat' dir='ltr'><strong>gentibus</strong></span> <span class='ocrx_word' id='word_1_208' title='bbox 596 3405 775 3458; x_wconf 81' lang='lat' dir='ltr'><strong>Orientalibus</strong></span> <span class='ocrx_word' id='word_1_209' title='bbox 787 3418 843 3458; x_wconf 83' lang='lat' dir='ltr'><strong>erat</strong></span> <span class='ocrx_word' id='word_1_210' title='bbox 887 3413 931 3463; x_wconf 84' lang='lat' dir='ltr'><strong>cit.</strong></span> <span class='ocrx_word' id='word_1_211' title='bbox 941 3410 1037 3463; x_wconf 79' lang='lat' dir='ltr'><strong>Annal.</strong></span> <span class='ocrx_word' id='word_1_212' title='bbox 1049 3412 1106 3475; x_wconf 83' lang='lat' dir='ltr'><strong>XV,</strong></span> <span class='ocrx_word' id='word_1_213' title='bbox 1118 3427 1161 3480; x_wconf 80' lang='lat'><strong>27,</strong></span> <span class='ocrx_word' id='word_1_214' title='bbox 1172 3412 1332 3484; x_wconf 72' lang='lat' dir='ltr'><strong>Meqistauas</strong></span> <span class='ocrx_word' id='word_1_215' title='bbox 1342 3410 1393 3461; x_wconf 77' lang='lat' dir='ltr'><strong>Ar·</strong></span> 
     </span>
     <span class='ocr_line' id='line_1_29' title="bbox 340 3482 1389 3560; baseline 0.006 -22"><span class='ocrx_word' id='word_1_216' title='bbox 340 3482 458 3554; x_wconf 83' lang='lat' dir='ltr'><strong>solenne.</strong></span> <span class='ocrx_word' id='word_1_217' title='bbox 471 3485 586 3553; x_wconf 72' lang='lat' dir='ltr'><strong>Goplose</strong></span> <span class='ocrx_word' id='word_1_218' title='bbox 596 3483 630 3540; x_wconf 76' lang='lat' dir='ltr'><strong>de</strong></span> <span class='ocrx_word' id='word_1_219' title='bbox 638 3482 691 3536; x_wconf 76' lang='lat' dir='ltr'><strong>hoc</strong></span> <span class='ocrx_word' id='word_1_220' title='bbox 701 3503 774 3536; x_wconf 76' lang='lat' dir='ltr'><strong>more</strong></span> <span class='ocrx_word' id='word_1_221' title='bbox 784 3503 858 3556; x_wconf 52' lang='lat' dir='ltr'><strong>ege·</strong></span> <span class='ocrx_word' id='word_1_222' title='bbox 887 3491 986 3544; x_wconf 81' lang='lat' dir='ltr'><strong>menius</strong></span> <span class='ocrx_word' id='word_1_223' title='bbox 996 3503 1133 3542; x_wconf 88' lang='lat' dir='ltr'><strong>memorat.</strong></span> <span class='ocrx_word' id='word_1_224' title='bbox 1148 3489 1238 3542; x_wconf 82' lang='lat' dir='ltr'><strong>Sensc.</strong></span> <span class='ocrx_word' id='word_1_225' title='bbox 1252 3491 1302 3560; x_wconf 85' lang='lat' dir='ltr'><strong>Ep.</strong></span> <span class='ocrx_word' id='word_1_226' title='bbox 1314 3489 1389 3555; x_wconf 75' lang='lat' dir='ltr'>XXI,</span> 
     </span>
     <span class='ocr_line' id='line_1_30' title="bbox 340 3561 1390 3643; baseline 0.002 -25"><span class='ocrx_word' id='word_1_227' title='bbox 340 3576 401 3618; x_wconf 87' lang='lat' dir='ltr'><strong>runt</strong></span> <span class='ocrx_word' id='word_1_228' title='bbox 416 3561 589 3618; x_wconf 83' lang='lat' dir='ltr'><strong>Kirchmann.</strong></span> <span class='ocrx_word' id='word_1_229' title='bbox 606 3563 638 3615; x_wconf 91' lang='lat' dir='ltr'><strong>de</strong></span> <span class='ocrx_word' id='word_1_230' title='bbox 654 3567 749 3616; x_wconf 89' lang='lat' dir='ltr'><strong>Funer.</strong></span> <span class='ocrx_word' id='word_1_231' title='bbox 766 3565 841 3615; x_wconf 88' lang='lat' dir='ltr'><strong>Rom.</strong></span> <span class='ocrx_word' id='word_1_232' title='bbox 887 3569 1046 3643; x_wconf 63' lang='lat' dir='ltr'><strong>Megistanas</strong></span> <span class='ocrx_word' id='word_1_233' title='bbox 1059 3580 1086 3621; x_wconf 85' lang='lat' dir='ltr'><strong>et</strong></span> <span class='ocrx_word' id='word_1_234' title='bbox 1100 3569 1225 3642; x_wconf 75' lang='lat' dir='ltr'><strong>Satrapes</strong></span> <span class='ocrx_word' id='word_1_235' title='bbox 1242 3572 1390 3640; x_wconf 66' lang='lat' dir='ltr'><strong>conjungit.</strong></span> 
     </span>
     <span class='ocr_line' id='line_1_31' title="bbox 339 3641 1392 3713; baseline 0.006 -17"><span class='ocrx_word' id='word_1_236' title='bbox 339 3645 379 3707; x_wconf 89' lang='lat' dir='ltr'><strong>ll,</strong></span> <span class='ocrx_word' id='word_1_237' title='bbox 396 3641 444 3708; x_wconf 73' lang='grc'><strong>14,</strong></span> <span class='ocrx_word' id='word_1_238' title='bbox 463 3654 491 3694; x_wconf 89' lang='lat' dir='ltr'><strong>et</strong></span> <span class='ocrx_word' id='word_1_239' title='bbox 506 3641 629 3709; x_wconf 84' lang='lat' dir='ltr'><strong>Geierus,</strong></span> <span class='ocrx_word' id='word_1_240' title='bbox 643 3641 675 3695; x_wconf 90' lang='lat' dir='ltr'><strong>de</strong></span> <span class='ocrx_word' id='word_1_241' title='bbox 691 3642 843 3697; x_wconf 78' lang='lat' dir='ltr'><strong>Ebraeonuu</strong></span> <span class='ocrx_word' id='word_1_242' title='bbox 887 3651 917 3700; x_wconf 96' lang='lat' dir='ltr'><strong>ln</strong></span> <span class='ocrx_word' id='word_1_243' title='bbox 929 3649 1012 3702; x_wconf 88' lang='lat' dir='ltr'><strong>Sacris</strong></span> <span class='ocrx_word' id='word_1_244' title='bbox 1026 3650 1118 3702; x_wconf 84' lang='lat' dir='ltr'><strong>literis</strong></span> <span class='ocrx_word' id='word_1_245' title='bbox 1130 3647 1205 3713; x_wconf 68' lang='lat' dir='ltr'><strong>,idem</strong></span> <span class='ocrx_word' id='word_1_246' title='bbox 1222 3665 1278 3700; x_wconf 81' lang='lat' dir='ltr'><strong>voc.</strong></span> <span class='ocrx_word' id='word_1_247' title='bbox 1296 3661 1336 3700; x_wconf 90' lang='lat' dir='ltr'><strong>ter</strong></span> <span class='ocrx_word' id='word_1_248' title='bbox 1347 3667 1392 3702; x_wconf 90' lang='lat' dir='ltr'><strong>re-</strong></span> 
     </span>
     <span class='ocr_line' id='line_1_32' title="bbox 340 3719 1391 3798; baseline 0.006 -24"><span class='ocrx_word' id='word_1_249' title='bbox 340 3723 441 3788; x_wconf 79' lang='lat' dir='ltr'><strong>Luem,</strong></span> <span class='ocrx_word' id='word_1_250' title='bbox 450 3739 509 3792; x_wconf 89' lang='lat' dir='ltr'><strong>cap.</strong></span> <span class='ocrx_word' id='word_1_251' title='bbox 520 3721 551 3789; x_wconf 88' lang='grc'><strong>8,</strong></span> <span class='ocrx_word' id='word_1_252' title='bbox 561 3721 574 3794; x_wconf 88' lang='lat'>§</span> <span class='ocrx_word' id='word_1_253' title='bbox 584 3719 844 3789; x_wconf 80' lang='lat' dir='ltr'><strong>5‚nosuitocihaud</strong></span> <span class='ocrx_word' id='word_1_254' title='bbox 887 3729 984 3779; x_wconf 87' lang='lat' dir='ltr'><strong>currit:</strong></span> <span class='ocrx_word' id='word_1_255' title='bbox 996 3728 1079 3778; x_wconf 85' lang='lat' dir='ltr'><strong>Marc.</strong></span> <span class='ocrx_word' id='word_1_256' title='bbox 1093 3727 1126 3793; x_wconf 90' lang='grc'><strong>6,</strong></span> <span class='ocrx_word' id='word_1_257' title='bbox 1139 3744 1168 3778; x_wconf 84' lang='lat' dir='ltr'><strong>at</strong></span> <span class='ocrx_word' id='word_1_258' title='bbox 1178 3745 1186 3787; x_wconf 91' lang='lat'>;</span> <span class='ocrx_word' id='word_1_259' title='bbox 1198 3725 1285 3798; x_wconf 77' lang='lat' dir='ltr'><strong>Apoc.</strong></span> <span class='ocrx_word' id='word_1_260' title='bbox 1298 3727 1329 3790; x_wconf 78' lang='lat'><strong>6,</strong></span> <span class='ocrx_word' id='word_1_261' title='bbox 1343 3727 1391 3795; x_wconf 83' lang='lat'><strong>15,</strong></span> 
     </span>
     <span class='ocr_line' id='line_1_33' title="bbox 342 3801 1392 3877; baseline 0.002 -21"><span class='ocrx_word' id='word_1_262' title='bbox 342 3801 428 3856; x_wconf 87' lang='lat' dir='ltr'><strong>obliti.</strong></span> <span class='ocrx_word' id='word_1_263' title='bbox 889 3818 915 3858; x_wconf 89' lang='lat' dir='ltr'><strong>ct</strong></span> <span class='ocrx_word' id='word_1_264' title='bbox 928 3824 986 3877; x_wconf 89' lang='lat' dir='ltr'><strong>cup.</strong></span> <span class='ocrx_word' id='word_1_265' title='bbox 1008 3809 1052 3874; x_wconf 83' lang='lat'><strong>18,</strong></span> <span class='ocrx_word' id='word_1_266' title='bbox 1066 3807 1109 3858; x_wconf 83' lang='lat'><strong>23.</strong></span> <span class='ocrx_word' id='word_1_267' title='bbox 1123 3805 1277 3876; x_wconf 79' lang='lat' dir='ltr'><strong>Respondet</strong></span> <span class='ocrx_word' id='word_1_268' title='bbox 1291 3806 1392 3858; x_wconf 82' lang='lat' dir='ltr'><strong>Latinis</strong></span> 
     </span>
    </p>

    <p class='ocr_par' dir='ltr' id='par_1_8' title="bbox 377 3882 1193 3962">
     <span class='ocr_line' id='line_1_34' title="bbox 377 3882 1193 3962; baseline 0.01 -30"><span class='ocrx_word' id='word_1_269' title='bbox 377 3883 404 3939; x_wconf 84' lang='lat'><strong>3.</strong></span> <span class='ocrx_word' id='word_1_270' title='bbox 422 3883 520 3954; x_wconf 72' lang='lat' dir='ltr'><strong>Requm</strong></span> <span class='ocrx_word' id='word_1_271' title='bbox 537 3883 617 3933; x_wconf 78' lang='lat' dir='ltr'><strong>etium</strong></span> <span class='ocrx_word' id='word_1_272' title='bbox 628 3901 728 3957; x_wconf 63' lang='lat' dir='ltr'><strong>regern,</strong></span> <span class='ocrx_word' id='word_1_273' title='bbox 745 3882 774 3934; x_wconf 89' lang='lat' dir='ltr'><strong>id</strong></span> <span class='ocrx_word' id='word_1_274' title='bbox 790 3895 843 3952; x_wconf 87' lang='lat' dir='ltr'><strong>est,</strong></span> <span class='ocrx_word' id='word_1_275' title='bbox 888 3889 1038 3959; x_wconf 75' lang='lat' dir='ltr'><strong>optimates,</strong></span> <span class='ocrx_word' id='word_1_276' title='bbox 1052 3898 1193 3962; x_wconf 70' lang='lat' dir='ltr'><strong>mapsam.</strong></span> 
     </span>
    </p>

    <p class='ocr_par' dir='ltr' id='par_1_9' title="bbox 338 3959 1468 4116">
     <span class='ocr_line' id='line_1_35' title="bbox 340 3959 1468 4030; baseline 0.002 -14"><span class='ocrx_word' id='word_1_277' title='bbox 340 3960 500 4018; x_wconf 82' lang='lat' dir='ltr'><strong>Parthorum</strong></span> <span class='ocrx_word' id='word_1_278' title='bbox 512 3959 663 4030; x_wconf 56' lang='lat' dir='ltr'><strong>regemve&amp;</strong></span> <span class='ocrx_word' id='word_1_279' title='bbox 675 3959 792 4024; x_wconf 65' lang='grc' dir='ltr'><strong>βασιλέα,</strong></span> <span class='ocrx_word' id='word_1_280' title='bbox 804 3959 843 4016; x_wconf 76' lang='lat' dir='ltr'><strong>‘tlt</strong></span> <span class='ocrx_word' id='word_1_281' title='bbox 924 3967 966 4016; x_wconf 85' lang='lat' dir='ltr'><strong>Vl.</strong></span> <span class='ocrx_word' id='word_1_282' title='bbox 985 3984 1006 4017; x_wconf 88' lang='grc' dir='ltr'><strong>ι.</strong></span> <span class='ocrx_word' id='word_1_283' title='bbox 1022 3968 1095 4020; x_wconf 75' lang='lat' dir='ltr'><strong>Ee...</strong></span> <span class='ocrx_word' id='word_1_284' title='bbox 1110 3966 1272 4020; x_wconf 79' lang='lat' dir='ltr'><strong>convaluisse</strong></span> <span class='ocrx_word' id='word_1_285' title='bbox 1285 3966 1392 4018; x_wconf 78' lang='lat' dir='ltr'><strong>taudem</strong></span> <span class='ocrx_word' id='word_1_286' title='bbox 1464 3970 1468 3976; x_wconf 88' lang='lat'>&#39;</span> 
     </span>
     <span class='ocr_line' id='line_1_36' title="bbox 338 4035 1392 4116; baseline -0.001 -21"><span class='ocrx_word' id='word_1_287' title='bbox 338 4040 417 4109; x_wconf 61' lang='lat' dir='ltr'><strong>piper</strong></span> <span class='ocrx_word' id='word_1_288' title='bbox 432 4035 544 4100; x_wconf 63' lang='lat' dir='ltr'><strong>Eutaia·</strong></span> <span class='ocrx_word' id='word_1_289' title='bbox 563 4041 722 4108; x_wconf 78' lang='lat' dir='ltr'><strong>Plutarcho,</strong></span> <span class='ocrx_word' id='word_1_290' title='bbox 740 4039 842 4094; x_wconf 85' lang='lat' dir='ltr'><strong>Lucull.</strong></span> <span class='ocrx_word' id='word_1_291' title='bbox 886 4045 1092 4116; x_wconf 80' lang='lat' dir='ltr'><strong>percrebruisset,</strong></span> <span class='ocrx_word' id='word_1_292' title='bbox 1110 4058 1161 4097; x_wconf 90' lang='lat' dir='ltr'><strong>etc.</strong></span> <span class='ocrx_word' id='word_1_293' title='bbox 1176 4042 1243 4096; x_wconf 90' lang='lat' dir='ltr'><strong>Vide</strong></span> <span class='ocrx_word' id='word_1_294' title='bbox 1254 4044 1339 4095; x_wconf 85' lang='lat' dir='ltr'><strong>Taciti</strong></span> <span class='ocrx_word' id='word_1_295' title='bbox 1351 4041 1392 4094; x_wconf 92' lang='lat' dir='ltr'><strong>lo·</strong></span> 
     </span>
    </p>
   </div>
   <div class='ocr_carea' id='block_1_3' title="bbox 261 4119 1392 4273">
    <p class='ocr_par' dir='ltr' id='par_1_10' title="bbox 261 4119 1392 4273">
     <span class='ocr_line' id='line_1_37' title="bbox 261 4119 1392 4192; baseline -0.001 -20"><span class='ocrx_word' id='word_1_296' title='bbox 261 4125 286 4164; x_wconf 72' lang='lat'><em>0</em></span> <span class='ocrx_word' id='word_1_297' title='bbox 346 4121 527 4191; x_wconf 69' lang='lat' dir='ltr'><strong>14‚Tigranes</strong></span> <span class='ocrx_word' id='word_1_298' title='bbox 540 4121 633 4187; x_wconf 86' lang='lat' dir='ltr'><strong>etiam,</strong></span> <span class='ocrx_word' id='word_1_299' title='bbox 644 4122 772 4180; x_wconf 67' lang='lat' dir='ltr'><strong>Armenia</strong></span> <span class='ocrx_word' id='word_1_300' title='bbox 784 4139 843 4188; x_wconf 84' lang='lat' dir='ltr'><strong>rer,</strong></span> <span class='ocrx_word' id='word_1_301' title='bbox 888 4141 962 4188; x_wconf 86' lang='lat' dir='ltr'><strong>cum,</strong></span> <span class='ocrx_word' id='word_1_302' title='bbox 975 4123 1121 4188; x_wconf 68' lang='lat' dir='ltr'><strong>burrelli,</strong></span> <span class='ocrx_word' id='word_1_303' title='bbox 1134 4125 1182 4187; x_wconf 77' lang='lat'><strong>82,</strong></span> <span class='ocrx_word' id='word_1_304' title='bbox 1195 4121 1342 4192; x_wconf 82' lang='lat' dir='ltr'><strong>subjectum</strong></span> <span class='ocrx_word' id='word_1_305' title='bbox 1356 4119 1392 4171; x_wconf 86' lang='lat' dir='ltr'><strong>ad</strong></span> 
     </span>
     <span class='ocr_line' id='line_1_38' title="bbox 341 4197 1105 4273; baseline -0.003 -21"><span class='ocrx_word' id='word_1_306' title='bbox 341 4201 377 4256; x_wconf 84' lang='lat' dir='ltr'><strong>ob</strong></span> <span class='ocrx_word' id='word_1_307' title='bbox 401 4199 540 4253; x_wconf 85' lang='lat' dir='ltr'><strong>maximam</strong></span> <span class='ocrx_word' id='word_1_308' title='bbox 564 4203 709 4272; x_wconf 88' lang='lat' dir='ltr'><strong>potentiam</strong></span> <span class='ocrx_word' id='word_1_309' title='bbox 732 4197 843 4260; x_wconf 69' lang='grc' dir='ltr'><strong>βιωλιὺς</strong></span> <span class='ocrx_word' id='word_1_310' title='bbox 888 4200 975 4252; x_wconf 85' lang='lat' dir='ltr'><strong>Tiber.</strong></span> <span class='ocrx_word' id='word_1_311' title='bbox 990 4219 1048 4273; x_wconf 85' lang='lat' dir='ltr'><strong>cap.</strong></span> <span class='ocrx_word' id='word_1_312' title='bbox 1063 4199 1105 4254; x_wconf 81' lang='lat'><strong>52.</strong></span> 
     </span>
    </p>
   </div>
   <div class='ocr_carea' id='block_1_4' title="bbox 0 0 1550 5148">
    <p class='ocr_par' dir='ltr' id='par_1_11' title="bbox 0 0 1550 5148">
     <span class='ocr_line' id='line_1_39' title="bbox 0 0 1550 5148; baseline 0 0"><span class='ocrx_word' id='word_1_313' title='bbox 0 0 1550 5148; x_wconf 95' lang='lat' dir='ltr'><strong> </strong></span> 
     </span>
    </p>
   </div>
  </div>
 </body>
</html>
