3054 5152
8 4265 10 4380 l

538 519 674 585 NERO.
716 579 718 586 .
1067 527 1128 615 189

98 649 345 738 concubinatus,
363 648 488 716 Vestali
506 651 625 740 virgini
643 648 778 718 Rubriae
791 654 860 718 vim
878 651 1002 719 intulit.
1025 657 1129 722 Acten

96 762 280 842 libertom²,
300 758 441 852 paulum
465 758 589 838 ebfiru,
614 761 697 853 quin
718 757 810 851 justo
833 763 1044 830 matrimonio
1067 763 1129 831 sibi

94 867 324 962 conjungeret,
352 872 538 937 summissis
567 868 798 938 consularibus
829 873 926 952 viris,
953 875 1010 966 qui
1037 877 1128 964 regio

94 1005 203 1074 genere
221 997 331 1047 ortam
346 977 545 1073 pejerarent.
563 985 709 1046 Puerum
726 979 906 1072 Sporum³,
922 985 1062 1052 exsectis
1081 1000 1129 1051 te-

94 1091 197 1174 stibus,
207 1094 307 1160 etiam
316 1093 351 1158 iu
361 1088 718 1158 muliebremuaturam
728 1089 967 1182 uunsfigurare
975 1109 1128 1176 conatus,

93 1226 158 1270 cum
176 1201 253 1268 dote
270 1219 304 1268 et
319 1199 514 1284 flammeot,
534 1223 595 1292 per
613 1198 776 1267 sollemne
795 1202 1027 1294 nuptiarumf,
1045 1202 1129 1270 cele-

94 1311 225 1379 berrimo
240 1311 353 1379 officio
368 1311 551 1379 deductum
562 1309 605 1377 ad
618 1335 653 1378 se
665 1335 728 1403 pro
740 1335 843 1378 uxore
858 1311 986 1380 habuit.
1002 1317 1129 1380 Exstat·

93 1447 148 1516 que
170 1422 348 1516 cujusdem
369 1447 438 1490 non
460 1424 599 1489 inscitus
617 1418 736 1512 jocus,
763 1428 878 1490 «Bene
905 1426 958 1515 agi
978 1428 1127 1515 potuisse

93 1557 159 1600 cum
177 1533 279 1601 rebus
299 1533 472 1615 humanis,
492 1536 520 1600 si
537 1533 701 1598 Domitius
725 1548 821 1624 pater
836 1533 938 1600 talem
955 1532 1129 1602 habuisset

91 1681 135 1754 pio.
151 1681 309 1756 Poedaqopia
332 1681 359 1733 b.
380 1681 397 1733 l.
421 1680 489 1734 nibil
508 1678 579 1731 aliud
624 1678 1126 1751 ctor3sedcurmutandnvulgatalectio,

92 1776 270 1832 enepossunt,
280 1781 359 1832 quem
370 1761 496 1827 loco,ubi
503 1761 580 1831 pueri
625 1777 682 1830 que
695 1763 823 1830 optimum
837 1779 942 1812 sensum
953 1760 1068 1832 praebet,
1081 1781 1127 1813 vo·

11 1851 14 1872 ’
93 1839 231 1906 elebantur,
250 1859 306 1892 non
322 1840 486 1892 educationis
499 1858 578 1891 ceusu
624 1836 704 1892 luisse
723 1843 871 1906 Neronem,
890 1845 980 1913 jurare
1004 1841 1078 1908 illos,
1101 1857 1127 1894 et

91 1918 146 1989 (qno
162 1936 242 1971 sensu
262 1918 387 1970 dicuntur
407 1918 474 1969 Plin.
495 1920 578 1988 Epist.
624 1916 717 1970 falsam
728 1939 783 1971 rem
788 1920 930 1990 jurandam
941 1921 1125 1991 fuisse,qnurn

91 1999 142 2062 Vll,
156 2015 201 2068 27,
215 2000 261 2062 13,
284 2017 372 2068 npner
384 1999 412 2048 in
425 1997 578 2070 poeclnpopio
624 2015 716 2051 omnes
733 1997 793 2050 libri
809 2001 837 2050 in
852 2019 883 2051 ea
901 2001 1086 2052 consentiant?

91 2079 170 2129 nictus
188 2077 311 2150 pluribus
331 2077 513 2144 dormiebat„
533 2075 579 2129 ubi
659 2078 684 2129 3.
704 2079 818 2130 Puerum
837 2079 964 2152 Sporum,
986 2091 1035 2130 etc.
1058 2077 1124 2131 Vide

89 2155 275 2227 tideGierifl.),
286 2155 333 2208 sed
347 2158 447 2227 stupri,
458 2175 489 2209 ec
504 2159 577 2231 inpe-
623 2155 721 2226 Xiphil.
740 2159 835 2225 LXIII,
854 2158 893 2209 ¹3.
912 2158 1003 2209 Eidem
1021 2157 1124 2210 Sabinoe

90 2238 131 2286 nui
140 2235 244 2308 quidem
259 2255 309 2308 pro
324 2236 439 2289 exoletis.
458 2237 497 2288 lta
517 2233 579 2286 οὶκί-
623 2253 720 2286 nomen
735 2233 821 2302 dedit,
833 2255 911 2308 quam
921 2239 1031 2288 ornicum
1043 2236 1123 2307 depe-

89 2333 147 2378 rura
163 2329 188 2368 et
203 2302 299 2372 oinium
317 2317 411 2368 Atticis
428 2335 496 2386 stepe
516 2329 578 2368 sunt
623 2315 909 2387 rierot.Xiphil.Lllll,
919 2314 960 2366 28.
972 2315 1014 2366 ct.
1026 2316 1121 2367 Zonar.

90 2412 130 2464 pro
140 2395 254 2460 eupitius.
266 2393 334 2446 Vide
346 2414 414 2467 quos
425 2397 527 2447 Ernest.
539 2396 577 2446 ci·
622 2406 647 2445 et
659 2393 760 2446 Suidas.
769 2396 809 2446 De
816 2397 915 2465 nuptiis
922 2413 983 2445 cum
992 2393 1123 2467 Pythopo-

91 2473 180 2525 ttritad
187 2475 256 2526 Xen.
267 2475 377 2527 Memor.
386 2478 417 2539 ll,
427 2475 482 2541 π,4.
493 2476 577 2546 Turpi
622 2492 663 2537 ra,
674 2476 716 2525 cni
724 2475 795 2525 Nero
805 2493 853 2545 pro
862 2493 956 2538 uxore,
964 2472 1081 2525 dicemus
1090 2471 1133 2523 od·
1147 2503 1151 2512 ·

90 2551 184 2623 quidem
197 2569 276 2604 sensu
289 2552 332 2605 bic
344 2553 397 2604 dici
408 2567 480 2624 potet
489 2573 520 2605 ex
531 2572 576 2621 eo,
621 2571 680 2624 cop.
691 2569 742 2623 ¹29,
755 2553 802 2606 ubi
812 2553 844 2606 de
853 2552 1008 2625 Doryphoro
1018 2554 1121 2605 Noster.

89 2633 149 2702 qood
161 2632 303 2703 respondet
312 2634 502 2686 concubinatus.
513 2633 576 2688 Aliis
656 2638 681 2703 4.
700 2637 737 2688 Et
740 2636 871 2712 flammeo
875 2635 920 2698 ‚·h.
932 2655 955 2688 e.
967 2635 1025 2688 velo
1035 2634 1122 2700 luteo,

89 2709 143 2764 locis
161 2713 313 2785 pudcqoqia
331 2725 392 2764 sunt
412 2715 488 2782 pueri
508 2714 576 2783 ipsi,
622 2733 675 2786 qno
690 2731 779 2787 nuptie
796 2729 877 2787 caput
890 2716 1070 2786 operiebatur:
1085 2717 1124 2765 ri·

90 2792 151 2862 quod
163 2790 204 2844 bic
218 2794 304 2845 valere
316 2812 370 2845 non
383 2807 472 2863 potest
484 2793 521 2844 ob
531 2813 576 2864 ge·
620 2792 653 2843 de
665 2794 753 2846 linoln.
765 2797 827 2845 Ant.
837 2796 916 2845 uom.
927 2797 959 2859 V,
970 2793 1013 2862 37,
1024 2811 1050 2863 p.
1061 2792 1123 2860 427,

89 2873 150 2924 uitii.
170 2873 359 2946 lepontiorum,
376 2887 402 2924 et
416 2871 534 2925 additum
551 2884 577 2924 et
621 2884 647 2922 et
659 2874 808 2944 Dempster.
822 2872 855 2922 nd
865 2871 984 2922 eumdem
999 2891 1024 2942 p.
1039 2870 1100 2938 435.

89 2965 214 3020 uptanon
237 2953 428 3006 concubinatus.
450 2953 519 3025 Lips.
542 2953 577 3005 ad
657 2951 681 3004 5.
700 2951 752 3002 Per
767 2950 894 3004 sollemne
908 2952 1068 3022 nuptiarum.
1084 2951 1123 3000 lto
1221 2959 1228 2978 ·

88 3025 162 3080 Tacit.
174 3031 234 3095 XV,
246 3031 297 3100 69,
309 3033 335 3082 in
349 3033 479 3099 Excursu,
493 3034 575 3104 etqui
622 3029 755 3082 edidimus
766 3049 826 3081 cum
841 3028 953 3082 Casaub.
966 3042 991 3078 et
1004 3028 1121 3078 Gronov.

88 3125 140 3158 curn
151 3111 302 3181 exscripsit,
314 3111 485 3178 Torrentius,
498 3111 575 3178 loca,
621 3129 652 3161 ex
671 3109 754 3162 altero
773 3107 880 3161 Codice.
901 3104 1077 3176 Oudendorp.
1097 3121 1123 3158 et

88 3185 240 3260 ubiutraque
250 3190 407 3259 significatio
416 3189 496 3255 volet,
504 3188 577 3241 haud
621 3189 724 3239 Ernest.
737 3189 763 3238 in
779 3186 842 3237 edit.
858 3184 991 3249 secundo,
1005 3182 1121 3248 curaliis,

88 3266 143 3317 tetis
151 3265 332 3320 distinxerunt.
348 3269 474 3340 Egnatius
488 3268 577 3340 legen·
624 3264 834 3337 «persollemnia
844 3265 1024 3334 nuptiarum„
1034 3281 1065 3314 ac
1076 3263 1123 3314 dif-

88 3341 142 3395 dnm
159 3345 229 3398 duxit
250 3347 395 3421 pinoqoqia
416 3366 430 3399 a
449 3348 576 3414 προάγῃ,
621 3345 696 3396 ficilis
707 3343 850 3395 interdues
861 3341 1123 3413 lectionesaequebo·

86 3425 224 3492 perducere,
244 3444 302 3496 quae
323 3423 430 3496 quidem
445 3427 523 3480 verba
542 3427 575 3479 de
621 3442 670 3476 nes
683 3425 766 3493 optio.
779 3423 911 3494 Corrupto
925 3437 963 3474 est
979 3423 1049 3492 vulg.
1063 3442 1123 3494 per-

88 3513 171 3573 ttnpro
181 3504 232 3556 dici
244 3517 356 3556 constat.
373 3504 424 3557 Sed
439 3524 492 3558 non
507 3523 574 3577 opus
619 3505 750 3570 sollemni,
758 3517 782 3554 et
791 3505 889 3574 inepta,
898 3507 950 3555 sive
959 3503 991 3555 ad
998 3504 1122 3577 flammeo

88 3593 157 3632 cetea
166 3585 318 3635 mutatione.
329 3584 468 3648 Ceterum,
478 3597 575 3637 temere
621 3585 735 3648 referes,
746 3585 799 3634 sive
807 3581 840 3633 ad
851 3578 940 3653 officio
947 3621 956 3648 ‚
966 3585 1010 3633 cui
1021 3583 1122 3650 estjam

87 3660 576 3738 intruderevoluitvoc.poedn909iolncn
620 3681 696 3715 suum
716 3662 852 3734 epitheton
871 3661 1044 3714 celeberrimo.
1062 3663 1122 3715 Sot-

87 3737 161 3792 Tacit.
173 3743 235 3793 llist.
251 3744 277 3808 l,
291 3759 338 3805 υ,
353 3741 510 3800 Gronovitu.
621 3741 706 3793 lemue
716 3743 865 3812 nuptiarum
877 3760 969 3793 omnes
981 3745 1046 3793 ritus
1056 3761 1123 3794 corn·

121 3820 573 3892 t.Actenlibertam,etc.Cfilliphil.
619 3821 761 3892 plectitur,
776 3822 803 3870 in
818 3821 919 3891 nuptiis
931 3819 1063 3872 observari
1078 3839 1123 3872 so-

88 3896 244 3969 Llll,7,ubi
253 3901 331 3971 plura
342 3900 375 3952 de
386 3920 415 3952 ea
425 3903 574 3966 Reimarus;
620 3897 696 3963 litos,
720 3917 773 3970 quo
795 3899 839 3952 dos
859 3894 938 3950 etior'n
962 3901 1073 3970 pertinet
1097 3914 1123 3950 et

88 3976 143 4029 Tac.
152 3979 242 4031 Annel.
257 3981 317 4031 lllll
324 4018 333 4044 ,
345 3996 385 4045 ια,
395 3993 420 4030 et
433 3981 500 4040 xlv,
515 3997 576 4030 2.-
610 3981 783 4056 flammam,-
798 3977 916 4050 officium
930 3979 1122 4031 celeberrimum

89 4054 131 4106 Pro
137 4056 446 4130 pejerarent,Bronltbus.
455 4063 573 4112 etBunn.
620 4059 821 4127 sunthornincs,
832 4061 878 4129 qui
886 4059 965 4110 ollicii
975 4062 1028 4111 sive
1038 4058 1121 4109 hono·

90 4149 213 4188 tranunt
224 4139 382 4210 dejerarent,
397 4138 521 4190 Oudend:
534 4157 577 4211 pc.
620 4143 655 4192 ris
662 4159 741 4192 cansa
752 4158 877 4210 pompam
888 4139 1032 4210 nuptialem
1040 4141 1123 4209 ipsae·

8 4195 10 4236 i
86 4213 195 4278 jcmmnt.
210 4217 341 4268 coruunt
357 4221 390 4268 ita
409 4217 522 4270 scribere
533 4237 576 4270 nn·
620 4236 672 4288 que
684 4219 790 4288 nuptias
805 4217 922 4269 obibunt.
