3066 5148
505 501 778 570 nanto-uns..
1116 503 1161 591 37

103 627 273 700 abiufimo
286 647 700 729 quoque-occuparentur.
713 628 919 698 Gladiatorio
935 653 1093 713 munere,
1110 654 1148 697 re

107 740 210 811 ductis
223 744 404 813 interdum
419 744 686 838 flagrantissimo·
695 743 771 812 Sole
785 743 907 828 velis9,
924 746 1029 811 emitti
1045 767 1161 838 quem-

110 878 207 948 quam
226 857 390 925 vetabat:
414 875 612 952 remotoque
633 854 802 924 ordinario
823 871 1008 948 apparatu,
1031 856 1162 925 tabidas

109 964 210 1051 feras,
227 967 414 1037 vilissimos
428 971 590 1063 senioque
603 967 792 1051 confectos,
811 964 1010 1059 gladiatores
1023 990 1160 1061 quoque

110 1099 304 1166 pegtnmeS,
327 1077 645 1171 patresfamiliarum
664 1093 781 1160 notos,
803 1076 863 1144 sed
881 1078 1028 1167 insignes
1047 1075 1162 1144 debili-

110 1201 173 1253 tate
183 1187 302 1283 aliqua
313 1192 483 1282 corporis,
499 1186 739 1283 subjiciebat¹⁰.
753 1195 801 1255 Ac
811 1211 1058 1282 nonuunquam
1069 1240 1078 1270 ,
1090 1186 1163 1256 hor·

110 1299 171 1364 reis
182 1298 380 1390 praeclusis,
393 1299 521 1394 populo
532 1300 658 1368 famam
668 1297 799 1368 indixit.

109 1536 143 1570 ss.
156 1521 182 1571 Is
194 1520 339 1574 confirmat
347 1521 440 1590 loeus,
449 1526 526 1594 eujus
536 1524 617 1575 miror
664 1522 753 1595 ro)...
762 1522 910 1595 mly'iciebat
919 1532 974 1589 est,
985 1524 1035 1574 Pro
1045 1523 1093 1588 iis,
1106 1539 1164 1594 qua

110 1601 241 1654 neminem
260 1605 413 1657 meminisse
426 1605 616 1674 interpretum,
662 1600 726 1655 alias
736 1600 770 1654 ad
781 1600 971 1654 oblectandum
982 1599 1112 1672 populum
1122 1620 1165 1658 εις

111 1677 185 1730 Galb.
206 1681 257 1748 15,
275 1680 469 1735 «liberalitates
484 1683 616 1750 Neronis,
660 1682 746 1735 hiberi
759 1683 788 1733 in
803 1679 957 1734 muneribus
971 1679 1106 1745 solebant,
1119 1701 1165 1734 ex-

110 1776 163 1810 uon
174 1758 239 1830 plus
253 1760 360 1815 decimis
374 1763 561 1816 concessis...
575 1781 618 1814 re·
661 1759 1166 1834 hibebauillissubsutuebat(subjic‘ere

111 1837 243 1890 ruaudus
258 1840 378 1906 curavit,
389 1864 401 1888 ι
416 1839 450 1892 ad
464 1859 543 1913 quem
556 1839 616 1892 vide
662 1844 733 1894 enim
747 1855 788 1895 est
797 1840 847 1893 sub
859 1841 953 1893 oculos
961 1843 1066 1910 jacere,
1076 1854 1166 1894 osten·

111 1930 165 1967 not.
177 1916 234 1969 Cur
244 1918 352 1970 decime
363 1918 457 1988 dicta,
469 1920 616 1986 incertum,
661 1921 739 1986 dere,
758 1940 792 1973 ue
813 1921 873 1992 quis
891 1938 951 1971 curn
969 1921 1120 1972 Burmanno
1139 1935 1166 1972 et

111 1997 159 2048 nisi
173 1995 248 2068 quod
256 1997 376 2050 Turneb.
391 1997 502 2051 Advers.
517 1999 617 2064 xvsst,
660 2003 765 2052 Ernest.
775 1997 1022 2071 malitaly'iciebat),
1034 2015 1166 2070 quanou·

113 2075 144 2140 5,
157 2094 173 2126 a
187 2074 295 2129 decimu
308 2077 417 2129 Herculi
431 2077 549 2150 pollucta
566 2096 618 2129 uo·
662 2081 713 2133 nisi
720 2079 826 2132 taedium
834 2080 1166 2149 cruciatumquespectan-

111 2173 171 2206 men
187 2153 322 2208 deflexum
340 2170 426 2228 putat.
442 2156 618 2227 Reliquorum
661 2159 733 2212 tibus
754 2171 909 2225 moverent,
931 2170 960 2209 ut
982 2157 1079 2210 tabidus
1093 2158 1167 2229 fetas

112 2235 285 2305 interpretum
298 2238 467 2306 conjecturas
479 2235 552 2305 (uam
562 2253 618 2287 om·
660 2236 778 2310 (ita-pro
792 2237 888 2289 rabidis
900 2235 968 2309 feris
983 2237 1089 2289 Memm.
1106 2235 1165 2288 alii-

113 2329 157 2364 aes
170 2313 228 2364 lere
242 2312 433 2384 corrigendum
449 2313 540 2365 locum
553 2331 618 2366 cen·
663 2335 715 2389 que
725 2316 812 2369 codd.
823 2318 931 2388 optime
941 2314 1105 2387 notre),non
1115 2317 1167 2368 for·
1224 2305 1225 2310 ¹

114 2389 187 2461 sent)
204 2389 266 2444 side
281 2393 337 2444 stris
355 2389 431 2445 locis.
451 2393 560 2464 Optima
579 2407 618 2444 est
663 2408 702 2448 tes
713 2393 884 2466 validasque,
896 2393 943 2447 sed
955 2394 1030 2462 tabe,
1041 2393 1082 2445 rel
1095 2413 1166 2445 mor-

113 2469 269 2542 Bulengeri,
287 2471 323 2524 de
339 2472 434 2524 Venat.
454 2472 539 2540 Circi,
557 2489 619 2544 cup
662 2475 716 2542 bo,
729 2475 771 2528 vel
783 2477 860 2527 annis
875 2487 1026 2541 contracta,
1038 2475 1166 2527 macilen-

117 2548 164 2616 sd,
183 2564 210 2603 et
230 2551 348 2604 Ernestii
367 2549 493 2603 adhunc
511 2548 617 2617 locum,
662 2568 719 2622 tas,
734 2568 760 2608 et
774 2556 821 2627 qui
839 2552 970 2606 crederent
986 2570 1047 2619 eas,
1066 2554 1165 2606 bestia-

116 2642 221 2682 tesserus.
241 2632 292 2682 Hic
306 2643 398 2682 tamen
412 2630 496 2696 falsu,
517 2629 618 2702 siquid
662 2635 718 2686 rios
737 2633 873 2688 vilissimos
894 2633 1017 2705 senioque
1037 2631 1167 2702 cotasectos

115 2706 205 2775 video,
219 2729 237 2761 a
251 2710 389 2762 communi
402 2722 561 2761 tesserarum
580 2710 618 2760 si·
663 2710 840 2782 (quamquam
858 2709 915 2762 haec
935 2710 1015 2762 verba
1034 2729 1066 2762 ex
1085 2711 1168 2762 inter-

115 2787 284 2856 guificatione
297 2786 444 2855 recedent,
457 2785 567 2840 tabellas
578 2787 619 2838 in·
663 2789 812 2859 pretatione
820 2786 913 2840 vocab.
922 2788 1022 2840 tabidas
1030 2790 1057 2838 in
1066 2801 1173 2844 textum

116 2865 217 2936 telligit,
228 2866 327 2939 quibus
335 2869 362 2918 iu
370 2865 444 2918 aditu
453 2864 619 2933 exhibendis,
662 2869 766 2921 senisse
776 2869 911 2935 existimo,
921 2867 995 2939 quod
1004 2868 1172 2939 explicuerat·

115 2947 194 3018 gratis
204 2945 311 3015 ingredi
325 2943 434 2998 licebat.
663 2946 758 3019 aliquis
773 2939 1166 3019 vilissimamsenio-confectlm·

146 3043 172 3094 9.
190 3024 311 3078 Iledttctt‘s
329 3024 519 3078 interdum...
540 3023 617 3086 uelist
663 3026 690 3079 id
698 3030 768 3080 enim
776 3028 890 3098 conjicio
899 3046 931 3078 ex
938 3029 1037 3078 omisso
1045 3027 1167 3081 substan·

116 3105 209 3177 quibus
231 3106 410 3178 spectantium
433 3107 522 3176 capite
544 3117 618 3176 tege-
661 3103 1005 3170 tivo,fereuecessurio,et
1016 3103 1168 3159 desiderata

115 3185 219 3250 bantur,
233 3203 266 3237 ex
280 3202 335 3257 quo
345 3187 447 3257 primus
456 3184 485 3236 id
496 3186 618 3236 institue-
662 3183 690 3234 in
699 3181 834 3254 plerisque
843 3180 940 3252 copula
952 3201 1002 3254 que
1011 3196 1071 3252 post
1080 3185 1151 3236 senio
1157 3209 1167 3248 ;

114 3277 153 3314 rat
161 3265 216 3332 Qu.
224 3262 351 3332 Catulus,
364 3282 446 3336 quum
455 3263 617 3336 Capitolium
661 3264 712 3316 nisi
725 3261 811 3333 legere
824 3263 883 3334 quis
895 3261 969 3314 malit
981 3262 1168 3337 vilissimosque

114 3358 292 3398 consecraret.
310 3345 378 3399 Vide
399 3345 487 3398 valer.
509 3345 616 3398 Maxim.
661 3361 781 3416 senesque
793 3341 964 3414 conjectores,
978 3338 1116 3408 diespiter,
1131 3347 1165 3396 ef.

114 3427 151 3493 ll,
166 3425 201 3491 4,
217 3427 251 3487 6;
266 3424 334 3476 Pliu.
348 3425 416 3477 Hist.
431 3426 494 3478 Nat.
508 3425 586 3493 XIX,
603 3441 613 3478 t
661 3423 774 3493 August.
785 3421 851 3494 43);
862 3434 888 3475 et
899 3434 996 3493 praeter
1005 3419 1074 3474 hauc
1086 3440 1168 3476 vena-

115 3504 348 3576 (6);1.uem.1v‚
361 3504 404 3574 73.
661 3505 779 3568 tionem,
796 3502 845 3574 qui
860 3500 1019 3576 pladiutores
1033 3520 1168 3574 peqmures
1181 3550 1185 3556 .

150 3601 191 3636 so.
210 3585 371 3653 Remotoque
386 3582 519 3636 ordinatio
532 3603 617 3656 appa·
662 3594 786 3652 agerent,
795 3580 821 3632 h.
834 3599 858 3633 e.
867 3579 900 3631 de
908 3594 1031 3651 pegmate
1038 3583 1093 3633 sive
1103 3601 1169 3635 con·

114 3673 206 3714 mun...
222 3662 379 3734 subjiciebat.
391 3662 563 3716 Reddidimus
575 3663 617 3716 lo·
662 3673 763 3714 structa
777 3679 809 3712 ex
820 3660 931 3711 materia
945 3659 1069 3712 machina
1081 3660 1178 3732 depu-.

115 3743 225 3807 eum,iu
234 3759 290 3812 quo
298 3740 419 3794 sanando
427 3754 527 3815 quanto
535 3761 616 3814 opere
660 3754 773 3812 gnorent
791 3738 841 3810 (cf.
862 3739 895 3791 de
911 3741 1076 3813 pegmatibus
1093 3743 1165 3814 Lips.

114 3823 158 3874 siri
170 3821 244 3874 docti
252 3820 458 3888 desudaverint,
472 3823 616 3874 Burmanni
627 3829 633 3848 ⁸
661 3818 696 3871 de
707 3817 928 3890 Amphitheatro,
943 3835 1002 3888 cap.
1015 3836 1065 3885 aa,
1078 3818 1113 3872 de
1121 3840 1166 3894 pa-

114 3913 139 3952 et
159 3899 348 3972 Oudendorpii
369 3900 500 3954 editiones
523 3915 616 3954 osten·
659 3899 793 3972 putoribus
804 3897 942 3962 eumdem,
955 3897 1060 3949 Suturn.
1071 3900 1107 3964 ll,
1121 3900 1174 3967 143·

114 3979 193 4046 dunt,
208 3996 235 4034 et
250 3979 489 4053 Oudendorpianse
503 3980 617 4036 Wolfla-
661 3976 709 4028 ubi
719 3989 807 4029 tumen
819 3989 845 4029 et
857 3977 915 4046 ipse
926 3973 960 4026 de
971 3972 1042 4027 salva
1052 3975 1166 4030 lectione

116 4079 201 4134 neque
215 4061 354 4135 exempla,
371 4081 534 4135 quamquam
548 4081 617 4116 non·
662 4057 781 4120 dubitat;
802 4055 902 4128 quidsi
917 4054 989 4126 legas
1005 4057 1107 4130 pupiles
1124 4059 1176 4111 vel'

117 4140 182 4194 nullo
204 4141 322 4195 hereute
345 4141 485 4214 scrupulo.
508 4145 617 4197 limato
659 4137 917 4213 pupillaresi'),non
930 4136 1052 4208 palestra
1067 4141 1166 4190 exemi·

116 4219 241 4274 orttmrto
262 4230 395 4294 apparatu
418 4218 497 4291 (vide
518 4223 614 4278 Cesar.
661 4233 719 4288 tos,
734 4231 761 4273 et
776 4220 822 4292 qui
840 4239 854 4272 e
872 4216 1049 4290 gladiatorum
1065 4215 1165 4271 familia
