3116 5146
453 506 702 576 excursus
728 511 846 576 xvtt.
1107 491 1171 610 tir

124 651 175 704 pro
194 631 313 699 Milone,
330 652 353 684 c.
371 647 403 702 27
418 631 483 704 (per
500 633 661 688 calumnians
681 636 765 689 litium
774 637 985 710 fisndesalienus
998 645 1130 717 petebat),
1146 651 1175 704 in

124 712 276 784 periculum
290 713 356 766 servi
370 711 517 766 emittendi.
536 715 604 784 Ergo
620 717 787 770 Domitianus
807 717 945 772 admonuit
963 739 1176 800 recuperatores,

125 810 159 844 ue
175 811 224 862 per
234 795 363 862 gratiam,
379 805 425 845 ant
440 793 490 845 alia
502 811 661 865 quacunque
672 795 706 848 de
718 815 828 864 caussa,
842 801 989 854 secundum
998 805 1176 862 calumniato-

125 875 209 924 resin
225 891 320 925 caussa
332 871 436 924 liberali
452 876 663 946 pronuntiarent.
682 875 821 931 Suetonius
837 880 865 932 in
878 879 928 932 hac
945 883 1066 954 inprimis
1081 905 1176 942 caussa

126 953 295 1004 severitatem
313 953 458 1004 Domitiani
479 973 687 1006 commemorare
703 956 801 1024 voluit,
821 959 894 1030 quod
910 977 1112 1034 recuperatores
1130 967 1176 1021 tali

125 1032 268 1101 iniquitate
280 1050 335 1082 uon
347 1030 427 1084 modo
442 1031 573 1104 legitimos
584 1032 707 1088 dominos
717 1037 797 1090 servis
810 1040 863 1090 suis
876 1041 1024 1110 privarent,
1039 1043 1085 1096 sed
1097 1048 1176 1099 etiam

125 1111 260 1164 civitatem
270 1113 447 1184 inquinarent,
457 1115 537 1166 servis
546 1113 675 1184 improbis
684 1115 872 1186 ingenuitatem
882 1118 1076 1190 adjudicando:
1086 1144 1177 1197 quarm

127 1209 209 1263 quana
221 1207 337 1245 ostentm
349 1213 404 1246 non
419 1196 528 1265 ignoro,
544 1197 716 1249 assertionem
729 1200 905 1270 perfusoriam
917 1203 996 1254 etism
1007 1222 1078 1272 esse,
1093 1226 1176 1278 quum

126 1270 159 1323 lis
169 1291 220 1344 per
232 1273 392 1327 calumniam
403 1273 549 1327 intenditur
559 1277 686 1346 ingenuo.

383 1534 730 1634 EXCURSUS
767 1540 918 1638 XVII

332 1773 401 1844 AD
426 1774 802 1863 DOMITIANUM,
830 1779 915 1850 Car.
945 1779 978 1850 8.
1011 1837 1015 1846 .

128 2239 431 2344 Numantosjudiees,
443 2280 492 2321 eto.
505 2265 680 2321 Casaubonus
689 2279 715 2320 et
726 2264 836 2319 Guictus
846 2271 1051 2341 interpretantur
1066 2291 1179 2328 assesso·

128 2371 186 2416 res,
203 2355 259 2404 sive
276 2349 449 2403 consiliarios.
468 2351 531 2402 Non
549 2345 706 2419 improbem.
728 2347 779 2399 Sed
798 2345 892 2400 vellem
911 2349 1016 2421 planius
1035 2351 1177 2424 dixissent,

128 2433 221 2505 quales
238 2443 325 2485 essent
337 2429 482 2501 iijudices,
495 2429 540 2500 qui
553 2445 699 2480 assessores
713 2440 739 2479 st
751 2428 914 2482 consiliarios
924 2430 1061 2487 baberent.
1074 2436 1179 2504 Quodsi

126 2513 197 2566 banc
217 2513 374 2565 sententiam
384 2509 551 2582 probemus,
568 2507 735 2581 intelligenda
751 2529 792 2562 res
812 2512 861 2562 erit
879 2510 912 2563 de
927 2513 1035 2583 judiciis
1053 2517 1101 2580 iis,
1121 2539 1178 2592 ques

128 2593 238 2666 singulis
250 2592 384 2664 judicibus
397 2591 601 2644 exercebantur:
617 2591 696 2654 item,
711 2589 745 2642 de
760 2590 888 2657 arbitriis,
904 2613 960 2664 quae
972 2608 997 2645 et
1011 2599 1067 2669 ipsa
1077 2598 1179 2670 judicia

129 2674 264 2726 dicuntur.
277 2672 319 2724 sic
330 2669 459 2742 Aquillius
471 2670 548 2723 datus
560 2669 640 2740 judex
649 2668 721 2722 solus
734 2671 761 2721 in
773 2689 867 2722 caussa
879 2669 1032 2740 Quintiano.
1043 2678 1075 2729 Et
1088 2679 1180 2732 tribui·

127 2767 172 2806 tur
184 2750 322 2805 consilium
338 2769 395 2822 cop.
413 2768 444 2817 a,
457 2767 502 2816 to,
518 2749 558 2803 15.
573 2749 604 2800 ld
622 2748 666 2801 ille
680 2751 738 2820 ipse
751 2748 910 2818 adsciverat,
928 2754 1119 2828 constabutque
1135 2759 1180 2809 tri·

126 2832 178 2886 bus
194 2835 257 2885 lure
267 2830 413 2897 Consultis,
423 2833 460 2883 M.
470 2829 610 2897 Marcello,
623 2833 651 2882 P.
663 2829 806 2898 Quintilio,
818 2845 843 2884 et
852 2835 880 2886 L.
891 2833 1012 2887 Lucullo.
1024 2837 1075 2889 Sed
1084 2841 1179 2893 mirum

126 2898 265 2976 videatur,
278 2912 460 2963 Domitianum
471 2913 634 2964 severitatem
642 2909 713 2961 illam
727 2929 804 2962 sussn
815 2925 917 2964 tantum
928 2917 1073 2970 exercuisse
1086 2919 1113 2969 in
1125 2917 1179 2972 hoc

127 3011 224 3065 genere
236 2989 373 3062 judicum,
386 2992 431 3062 qui
446 2990 542 3060 singuli
553 2990 608 3041 dati
621 3007 649 3040 se
659 2991 795 3060 corrumpi
808 2993 878 3060 passi
892 3006 991 3059 essent,
1005 3012 1058 3046 uon
1069 2999 1178 3053 omnino

128 3076 157 3127 in
168 3073 294 3125 omnibus
306 3093 312 3122 ι
328 3070 400 3142 quod
413 3087 500 3124 tamen
513 3071 614 3122 factum
629 3068 741 3122 videtur.
752 3071 821 3122 Nam
833 3074 968 3142 superiora
980 3073 1034 3126 duo
1046 3079 1179 3146 pertinent

129 3152 162 3204 ad
175 3169 273 3224 genera
285 3169 453 3217 caussarum,
467 3149 520 3202 hoe
531 3152 653 3202 universe
664 3147 697 3200 ad
707 3147 819 3220 judices.
831 3151 913 3222 Atqui
923 3152 951 3202 in
963 3153 993 3204 iis
998 3152 1120 3224 judiciis,
1131 3157 1178 3209 ubi

128 3233 220 3304 plures
236 3231 370 3302 judicant,
389 3231 441 3284 dici
456 3251 511 3282 uon
526 3243 625 3302 potest,
636 3229 739 3302 judices
755 3228 852 3282 habere
863 3230 1019 3299 consilium,
1035 3232 1108 3305 quod
1120 3239 1180 3308 qui.

127 3309 190 3363 dem
202 3312 292 3362 sciam.
305 3311 388 3381 Igitur
399 3310 511 3362 arbitror
522 3309 614 3374 verba,
624 3308 727 3380 judices
741 3309 901 3362 nummarios
918 3328 977 3360 cum
990 3329 1036 3364 suo
1049 3332 1180 3389 quemque

127 3391 255 3458 consilio,
269 3392 346 3442 etiam
359 3391 396 3443 sic
408 3393 468 3462 cupi
482 3409 572 3461 posse,
588 3402 618 3441 ut
635 3388 773 3440 consilium
790 3390 822 3440 sit
837 3400 920 3439 totum
932 3387 1078 3459 judicium,
1092 3397 1178 3450 omnis

127 3489 255 3524 numerus
266 3469 402 3540 judicum,
415 3471 498 3541 quiin
512 3488 608 3522 caussa
621 3468 710 3538 aliqua
723 3467 859 3521 sedissent.
875 3468 1018 3520 Consilium
1033 3470 1066 3523 de
1077 3473 1179 3544 judicio

127 3552 228 3604 dicitur
246 3569 415 3623 quocunque.
427 3597 429 3606 Α
439 3550 531 3602 Cicero
551 3552 579 3601 in
598 3547 681 3602 Caecil.
695 3567 753 3620 cap.
770 3550 802 3616 4,
816 3551 877 3613 scit,
892 3551 939 3620 qui
954 3563 990 3602 est
1008 3550 1035 3601 in
1051 3555 1179 3626 consilio,

130 3631 158 3683 G.
171 3629 320 3683 Marcellus
334 3652 341 3679 .-
356 3632 380 3681 is
396 3642 485 3682 autern
502 3643 557 3682 erat
569 3631 594 3682 in
607 3628 748 3700 judicibus.
761 3629 840 3681 Conf.
852 3631 926 3679 Verr.
942 3631 977 3696 ll,
996 3647 1047 3701 29,
1061 3646 1111 3684 etc.
1129 3637 1179 3689 Res

128 3723 219 3762 autem
231 3709 268 3762 sic
283 3708 382 3761 habet:
398 3727 481 3780 quum
495 3711 632 3780 cognitum
644 3721 728 3775 esset,
743 3706 879 3778 injudicio
893 3709 1034 3780 pecuniam
1050 3728 1105 3763 esse
1118 3731 1179 3764 ver-

127 3801 330 3855 satam-totum
346 3787 413 3840 illud
431 3788 587 3856 consilium,
608 3789 661 3840 sive
677 3786 821 3858 judicium,
836 3791 936 3840 notavit
951 3787 1132 3858 Domitianus,
1148 3805 1179 3846 ut

128 3881 324 3940 corruptumst
338 3870 473 3940 injustum.
489 3870 530 3922 Sic
544 3867 692 3940 quondum,
701 3869 729 3919 in
742 3886 835 3920 caussa
848 3869 1004 3940 Oppianici,
1020 3887 1100 3941 quum
1113 3890 1180 3923 con-

128 3961 227 4014 staret,
247 3951 388 4020 pecuniam
408 3951 435 4002 in
453 3948 555 4021 judicio
573 3961 702 4000 versatum
720 3965 792 4013 esse,
813 3949 891 3999 etism
906 3947 988 4018 judex
1007 3949 1179 4020 questionis,

128 4029 249 4099 quamvis
264 4031 409 4094 innocens,
427 4041 451 4082 et
464 4027 583 4101 plerique
594 4025 714 4098 judices,
734 4029 812 4080 etiam
826 4028 995 4091 innocentes,
1007 4024 1048 4077 vel
1061 4026 1179 4084 damnati
1251 4038 1253 4046 ’

127 4113 171 4165 vel
183 4132 199 4165 a
209 4110 370 4164 Censoribus
381 4112 466 4163 notati
478 4122 558 4174 sunt,
572 4121 712 4180 tutumque
723 4105 791 4159 illud
803 4105 941 4159 consilium
955 4108 1052 4159 infame
1065 4109 1123 4160 fuit.
1134 4113 1180 4162 Vi.

127 4191 260 4265 deturque
280 4192 448 4243 Domitianus
468 4207 499 4241 ea
516 4187 654 4240 severitate
674 4198 748 4240 tanto
769 4187 892 4256 majorem
908 4197 1035 4237 terrorem
1053 4185 1177 4256 injicere,

221 4287 269 4351 H·
994 4273 1035 4338 32
