3068 5144
540 585 700 650 TITUS.
1082 589 1147 675 377

98 711 227 805 populo
244 735 360 780 coram
378 711 524 778 ubertim
543 710 697 795 fleverat,
718 713 857 782 Sabinos
874 717 959 806 petit
976 712 1150 808 aliquanto

98 826 235 906 tristior,
248 823 341 918 quod
355 825 556 892 sacrificanti
567 821 678 890 hostia
691 823 881 916 aufugerat,
897 822 1059 918 quodque
1068 841 1151 896 tem·

97 952 228 1028 pestate
245 960 363 1004 serena
379 951 548 1004 tonucrat.
565 934 694 1003 Deinde
711 935 754 1004 ad
772 941 916 1028 primam
930 939 1043 1004 statim
1059 961 1150 1004 mun·

98 1047 249 1112 sionem²
264 1046 385 1114 febrim
396 1044 547 1129 nactus³,'
564 1071 671 1140 quum
682 1046 761 1114 inde
772 1045 889 1114 lectica
900 1047 1150 1129 transferretur,

97 1159 290 1248 suspexisse
308 1155 431 1224 dicitur
448 1151 583 1225 dimotis
602 1155 768 1250 plagulis⁴
785 1157 921 1240 caeium,
937 1155 1151 1251 multumque

98 1284 322 1363 conquestus,
339 1271 449 1362 «eripi
461 1269 525 1337 sihi
536 1271 641 1337 vitam
653 1271 854 1338 immerenti.
868 1274 985 1363 Neque
997 1271 1088 1336 enim
1100 1293 1152 1336 ex·

98 1398 189 1448 stare
201 1377 311 1448 ullum
321 1403 422 1449 suurn
434 1381 561 1449 factum
573 1378 823 1474 poenitendum,
837 1397 976 1473 excepto
988 1379 1153 1449 duntaxat

98 1514 166 1558 uno
176 1491 203 1559 ⁵.
215 1523 229 1552 a>
249 1489 287 1556 Id
304 1489 403 1586 quale
420 1491 536 1572 fuerit,
553 1515 663 1585 neque
677 1495 749 1586 ipse
765 1495 847 1560 tuno
863 1489 1027 1585 prodidit,
1042 1513 1151 1585 neque

99 1605 258 1697 cuiquam
269 1601 366 1670 facile
378 1619 563 1671 succurrat.
574 1602 721 1689 Quidam
733 1605 927 1695 opinantur,
940 1600 1151 1672 consuetudi·
1204 1672 1208 1698 ,

99 1737 176 1782 nem
192 1713 424 1796 recordatum,
442 1737 544 1808 quam
561 1739 638 1782 cum
655 1715 768 1782 fratris
781 1740 887 1783 uxore
902 1715 1066 1783 habuerit.
1087 1713 1152 1782 Sed

99 1823 228 1892 nullam
243 1823 418 1906 habuisse,
431 1842 608 1917 persancte
621 1829 767 1894 Domitia
778 1826 931 1920 jurabat:
947 1823 1039 1892 haud
1054 1848 1153 1916 nega-

100 1951 192 2016 tura,
205 1937 234 2002 si
246 1959 312 2029 qua
323 1938 461 2002 omnino
473 1936 610 2019 fuisset,
623 1938 728 2004 immo
739 1940 840 2005 etiarn
850 1936 1045 2030 gloriatura,
1058 1934 1152 2029 quod

99 2045 426 2139 illipromtissimum
438 2049 555 2114 eratin
568 2046 724 2114 omnibus
737 2048 878 2140 probris.

37 2200 40 2204 ⁴
145 2161 205 2225 XI.
223 2159 374 2226 Excessit
384 2161 421 2224 iu
432 2156 565 2241 eadem,
580 2183 647 2253 qua
656 2175 762 2250 pater,
773 2157 868 2244 villa,
880 2157 995 2227 Idibus
1007 2161 1151 2250 Septem·

100 2269 187 2349 bris,
212 2285 290 2361 post
310 2268 484 2336 biennium
507 2293 547 2336 ac
570 2293 703 2338 menses
728 2269 829 2351 duos,
854 2269 993 2363 diesque
1015 2271 1151 2361 viginti,

100 2402 202 2473 quam
221 2395 429 2446 successerat
444 2381 530 2472 patri
544 2390 564 2462 ¹,
583 2379 689 2447 altero
713 2396 748 2445 et
767 2378 1023 2474 quadragesimo
1044 2381 1151 2446 aetatis

100 2512 190 2558 auno
199 2505 222 2555 ².
236 2488 334 2575 Quod
347 2507 385 2557 ut
396 2488 508 2583 palam
519 2490 645 2558 factum
657 2507 723 2572 est,
737 2515 807 2558 non
819 2515 916 2558 secus
933 2505 1035 2585 atque
1047 2493 1082 2557 in
1095 2489 1151 2558 do·

135 2729 160 2762 2.
179 2711 261 2764 Au...
277 2713 438 2766 mansionem
443 2736 453 2775 ,·
465 2709 548 2780 μιιιῖι,
562 2712 603 2763 lo·
649 2715 794 2784 marginem
807 2717 841 2765 de
853 2711 1093 2784 Hierosolymorum
1106 2729 1152 2762 ex·

100 2811 175 2858 oum,
189 2792 235 2844 ubi
247 2804 451 2864 pemoctaturus
464 2803 529 2844 erat.
542 2793 604 2843 Ma·
648 2794 884 2866 cisionecogitavit.
893 2792 944 2846 Sed
952 2809 1152 2864 nunquampoe-

100 2891 159 2924 nere
169 2874 240 2924 eniin
252 2885 292 2924 est
301 2883 463 2942 pernoctare.
476 2870 602 2924 Arocab.
648 2873 769 2925 nituisset
786 2873 880 2925 ducem
897 2887 923 2924 et
940 2873 1086 2942 Principem
1100 2871 1152 2921 Ro-

99 2952 200 3004 mansio
222 2949 383 3005 descendere
406 2950 512 3004 videtur
533 2949 601 3003 Gall.
648 2971 770 3020 manum,
784 2953 981 3024 compescuisse
992 2963 1097 3022 gentem
1109 2952 1151 3002 in-

98 3033 208 3087 maisou.
221 3032 299 3084 cont.
311 3035 390 3083 etiam
399 3030 487 3083 Cellar
504 3031 602 3104 Googr.
648 3051 739 3085 sanam
751 3045 777 3084 et
788 3031 922 3083 rebellem.

98 3113 160 3162 Ant,
174 3130 237 3182 pafl.
250 3111 285 3164 60
297 3129 352 3182 seq.
685 3112 729 3163 xt.
751 3127 774 3161 ι.
793 3112 854 3163 Post
870 3111 1055 3162 biennium...
1073 3127 1152 3180 quam

133 3189 159 3241 3.
179 3189 282 3242 Febrim
299 3201 396 3241 nactus.
413 3186 518 3239 cornel.
533 3188 602 3258 Nep·
647 3200 799 3245 successerat
804 3192 883 3263 patri.
897 3189 998 3261 Xiphil.
1009 3181 1061 3259 ἶρξι
1071 3189 1097 3241 di
1109 3185 1153 3239 dds

98 3270 179 3322 nuic.
194 3287 238 3336 αι,
251 3282 341 3322 nactus
352 3281 388 3321 cst
399 3270 525 3321 morbum.
536 3267 604 3320 Vide
649 3272 703 3334 iarn,
717 3267 755 3321 uati
765 3271 839 3336 μῖιιις
848 3269 910 3336 du'o,
923 3266 1007 3338 ιῖμίμς
1017 3288 1043 3321 ιιι
1056 3266 1151 3329 t't'uoou,

98 3347 215 3399 Gronov.
222 3345 330 3400 adGeli.
339 3352 363 3414 1,
373 3348 421 3414 24,
429 3348 476 3399 ubi
484 3359 603 3400 nostrum
648 3351 744 3416 vat,
760 3351 791 3402 18
801 3363 828 3402 et
838 3351 884 3406 26,
897 3367 983 3421 eaque
992 3365 1052 3399 vera
1063 3359 1102 3399 est
1112 3365 1153 3397 ra·

99 3445 207 3498 quoque
221 3426 312 3478 locum
326 3429 424 3478 citavit.
648 3431 701 3497 tio,
712 3447 794 3499 quum
804 3429 983 3500 Vespasianus
993 3427 1035 3480 die
1048 3425 1080 3478 23
1090 3426 1151 3477 Jun.

133 3507 159 3574 4.
179 3509 292 3561 Dimott's
308 3507 440 3581 pla9u1i5,·
455 3506 483 3558 h.
501 3526 524 3558 e.
539 3506 603 3560 vetis
649 3508 715 3574 832,
726 3507 802 3564 Titus
818 3506 860 3560 die
881 3506 912 3559 13
924 3506 1070 3579 Septembr.
1087 3504 1154 3571 834,

99 3587 206 3640 lection.
225 3588 266 3640 At.
282 3585 395 3658 pellibus
400 3609 410 3650 ,-
427 3587 603 3639 Memmianus
649 3585 752 3637 obierit.
768 3588 808 3636 its
820 3586 900 3637 etiam
908 3587 1008 3651 Victor,
1020 3586 1090 3655 Epit.
1107 3599 1154 3646 ιο,

98 3667 216 3740 pallidis.
224 3668 468 3740 Oudendoonjicit
473 3667 601 3740 palliolis,
653 3683 674 3716 ι.
693 3666 767 3718 Alter
785 3679 874 3719 autem
891 3667 996 3732 Victor,
1016 3667 1080 3719 css,
1102 3682 1152 3730 ιο,

101 3761 129 3799 ut
133 3747 369 3820 palliolatus'i‘itus
377 3748 489 3815 dicatur,
494 3760 524 3800 ut
529 3747 604 3802 Clau·
649 3745 810 3818 menresfere
818 3765 926 3814 novem,
938 3760 963 3799 et
973 3749 1083 3818 Eutrop.
1093 3746 1152 3813 v11,

101 3827 171 3892 dius,
185 3847 245 3899 cap.
261 3846 285 3880 ο.
652 3825 699 3894 14,
717 3846 821 3879 menses
842 3838 900 3880 octo
919 3827 1028 3880 biennio
1049 3827 1153 3897 imperii

134 3905 159 3956 5.
179 3909 296 3980 Excepto
308 3907 435 3958 duntaxat
448 3924 509 3958 uno.
525 3903 602 3956 Geni.
649 3910 708 3977 ejus
720 3907 832 3960 addunt.
844 3908 914 3961 Vide
927 3911 1041 3962 Reimar.
1056 3907 1091 3959 cd
1104 3908 1151 3959 Xi-

101 3985 199 4059 Xiphil.
212 3987 231 4038 l.
244 4006 267 4038 c.
284 3989 360 4056 cujus
375 3984 483 4057 quidem
498 3983 539 4036 vel
555 4004 605 4056 po·
649 3986 715 4058 phil.
728 3989 824 4053 vat,
838 3989 878 4041 18.

102 4065 151 4117 tius
157 4065 254 4117 Dionis
260 4067 396 4116 sententiae
404 4061 603 4133 accedo,quum
687 4087 711 4119 ῃ,
722 4069 814 4122 Altero
826 4081 851 4120 ee
862 4067 1060 4142 quadragesimo
1070 4067 1153 4118 ωιαιίς

102 4143 280 4196 Domitianum
290 4163 338 4196 suo
349 4145 512 4208 nonminus,
524 4161 604 4214 quam
648 4165 728 4199 auno.
745 4149 784 4199 Ita
802 4149 880 4199 etiam
898 4145 1009 4216 Eutrop.
1026 4144 1044 4196 i.
1062 4163 1085 4194 o.
1100 4143 1152 4196 Sed

102 4223 261 4297 Reipublicae
273 4226 352 4276 exitio
366 4226 442 4277 Titus
458 4238 602 4289 servasset,
649 4227 748 4292 Victor,
761 4227 824 4277 Coss.
840 4240 885 4288 ro,
897 4243 967 4276 anno
979 4224 1029 4274 oeor’
1040 4223 1153 4295 quadra·

98 4304 171 4374 sacto
179 4323 241 4358 rere
250 4305 408 4377 paenitendo.
420 4305 558 4359 Reinesius
571 4303 606 4357 ad
648 4306 744 4378 qesimo
750 4326 760 4366 ,·
773 4304 847 4371 alter,
858 4304 927 4375 Epit.
940 4318 986 4371 ro,
996 4302 1061 4356 vixit
1069 4319 1152 4356 anuos
