3048 5142
387 555 450 598 utu
761 534 797 599 C.
823 535 1056 602 SUETONH

599 682 670 773 upa
681 696 823 761 same
834 699 1029 774 ,annixam
1039 701 1115 778 etp·

388 805 1413 928 «immuninquitatpotgtunn„Planequeitafecit:nam,quasi

383 939 533 1008 offensus
558 937 768 1005 deformitate
785 953 939 1006 veterum
962 937 1194 1024 aedificiorum,
1214 957 1248 1007 et
1263 945 1412 1034 angustiis

381 1049 585 1144 flexurisque
593 1051 763 1130 uicorum,
776 1047 926 1115 incendit
937 1047 1081 1117 Urbem³
1094 1067 1162 1144 tarn
1171 1051 1299 1143 palam,
1309 1068 1346 1120 ut
1354 1052 1414 1145 ple

381 1161 477 1254 rique
492 1156 686 1226 consulares
700 1154 923 1224 cubicularios
938 1154 1028 1250 ejus,
1043 1183 1121 1226 cum
1135 1177 1259 1253 stuppa
1272 1161 1413 1256 taedaque

301 1282 304 1290 ’
381 1273 417 1337 in
428 1267 562 1363 praediis
575 1267 662 1335 suis⁴
676 1265 922 1359 deprehensos,
934 1292 1004 1336 non
1018 1272 1206 1361 attigerint:
1223 1288 1257 1337 et
1270 1269 1413 1364 qnaedam

380 1382 502 1450 horrea
516 1384 604 1449 circa
621 1379 760 1447 domum
778 1386 936 1463 Auream,
960 1404 1105 1475 quorum
1122 1385 1268 1474 spatium
1281 1386 1413 1451 mxime

380 1488 602 1571 desiderabat,
619 1492 681 1578 [ut]
701 1487 828 1558 bellicis
843 1488 1025 1558 machinis⁵
1044 1491 1246 1560 labefactata
1259 1508 1357 1588 atque
1371 1495 1413 1559 in·

377 1712 456 1767 super
469 1711 581 1759 onnam,
597 1705 627 1746 ut
642 1705 680 1746 est
691 1694 754 1746 Cres.
769 1695 812 1764 87.
823 1689 885 1746 De?
958 1695 984 1762 4.
1003 1697 1036 1748 In
1046 1697 1222 1768 proedsisnsis3
1231 1697 1347 1751 urbanis.
1359 1699 1414 1750 Bne

379 1771 477 1827 sentiit«
490 1777 587 1826 Fanest.
608 1774 723 1826 conuiuii
743 1775 822 1826 etiam
838 1772 877 1826 -ad
917 1791 1011 1827 maun.
1027 1775 1118 1828 mallet
1131 1775 1235 1830 edibus.

378 1855 464 1906 Tacit.
480 1853 574 1905 Annal.
589 1854 663 1920 xm,
680 1871 719 1924 ¹7·
959 1854 982 1906 5.
992 1851 1048 1926 [Ut]
1059 1853 1415 1922 bellicismacbinmetcd'le·

415 1950 439 1985 a.
457 1931 536 1998 Ἐμοιΐ
544 1929 667 1993 barium,
678 1943 728 1983 etc.
739 1933 879 1983 Huncver·
922 1933 998 2004 rique
1007 1933 1225 2005 proscribendum
1236 1935 1336 1988 duxere
1345 1937 1415 2008 parti·

378 2031 537 2085 sun,qnem
545 2012 679 2064 Tiberium
686 2014 713 2063 in
721 2030 766 2063 ore
774 2010 880 2063 habuis·
923 2012 1010 2065 culam
1022 2026 1064 2079 ut,
1074 2013 1115 2066 vel
1125 2029 1187 2084 post
1196 2017 1315 2085 Lipsium
1323 2027 1415 2066 mutau-

379 2112 407 2146 se
421 2093 486 2144 dicit
497 2093 564 2157 Dio,
577 2093 670 2159 LVlll,
684 2092 730 2152 23,
743 2091 879 2143 Fabricius
923 2089 985 2142 dam
998 2093 1026 2144 in
1044 2093 1086 2157 vi,-
1099 2093 1170 2165 quod
1194 2107 1283 2146 tamen
1303 2091 1415 2162 frigidam

379 2171 412 2225 ad
430 2172 457 2224 b.
475 2171 492 2222 Ι.
507 2169 609 2244 Sisyphi
617 2169 657 2222 vel
671 2169 879 2241 Bellerophontis
922 2184 1027 2241 pareret
1047 2171 1232 2242 tautologiam,
1252 2171 1415 2243 sequentibus

377 2249 514 2322 Euripidei
525 2269 580 2302 esse
592 2252 754 2321 suspicatur,
767 2267 878 2320 compa·
923 2247 1169 2318 bellicismacbinis,
1177 2250 1283 2302 calcum
1289 2251 1415 2303 Gronotio

379 2345 472 2400 ratque
491 2332 575 2383 Cicer.
594 2327 627 2380 de
647 2330 704 2380 Fin.
722 2329 771 2394 lll,
791 2345 835 2398 19,
852 2341 879 2380 et
922 2327 1061 2398 legendum
1070 2329 1414 2382 desiderabatur.Wolfiuses

379 2409 468 2461 Senec.
482 2407 515 2472 de
528 2407 656 2460 Clement.
670 2408 706 2474 ΙΙ,
720 2425 744 2460 a.
756 2408 798 2460 Cf.
811 2411 878 2460 Bur·
922 2406 992 2459 male
1003 2410 1117 2478 repetita
1127 2407 1228 2480 syllaba
1238 2407 1416 2481 prins-eutha·

380 2505 468 2538 mann.
479 2486 514 2538 ad
528 2485 617 2538 locum
631 2499 714 2538 nostr.
924 2488 988 2540 sisse
1004 2490 1141 2540 existimat.
1160 2490 1215 2540 Nisi
1232 2507 1294 2540 vera
1308 2501 1347 2542 est
1363 2507 1415 2540 seu-

415 2567 440 2619 3.
469 2565 586 2619 Incendit
610 2565 720 2632 Urbem,
741 2578 791 2619 etc.
813 2565 880 2619 Vide
922 2569 1004 2620 tentia
1019 2567 1164 2632 Waltheri,
1177 2567 1346 2638 quiObset-v.
1360 2585 1415 2640 paq.

379 2648 463 2698 Tacit.
477 2645 572 2697 Annal.
584 2646 641 2711 XV,
659 2645 707 2710 38,
722 2647 769 2716 qui
785 2660 879 2712 caute,
925 2646 971 2712 26,
981 2659 1043 2717 post
1055 2659 1082 2699 et
1095 2648 1213 2719 quaedam
1226 2647 1346 2700 horrea...
1358 2647 1415 2700 deti·

381 2726 525 2796 ·Sequitur
542 2723 645 2788 clades,
664 2725 747 2790 forte,
766 2744 799 2777 an
816 2724 879 2778 dolo
923 2723 1416 2798 dembatexantecedentibussupplen·

377 2804 520 2874 Principis,
537 2803 680 2864 incertum
697 2821 757 2853 uam
774 2813 878 2854 utrum·
922 2801 985 2853 dum
1002 2816 1093 2855 censet
1113 2815 1166 2855 tam
1180 2802 1273 2874 palam
1293 2804 1415 2869 incendit,

379 2902 432 2956 que
461 2895 583 2936 auctores
610 2879 774 2953 prodidere,
798 2896 875 2935 etn-
923 2884 1416 2955 quamtameurepetitiouemnonpos·

378 2959 878 3033 ConsentitoumNostroXipbil,LXll,
922 2979 994 3025 sum,
1016 2962 1079 3032 quin
1102 2960 1221 3014 iuuulcru
1246 2961 1417 3032 frigidamque

381 3040 421 3095 16.
437 3041 535 3113 Sulpic.
548 3041 605 3093 Seu.
617 3041 683 3092 Hist.
699 3041 771 3094 Sacr.
782 3043 820 3108 ll,
831 3058 877 3110 ²9²
922 3037 1048 3104 habeam,
1061 3051 1201 3111 postquam
1211 3038 1294 3091 semel
1303 3041 1416 3092 universe

381 3123 518 3186 alnterea,
529 3118 743 3190 abuudautujam
755 3117 878 3173 (brittia-
922 3117 1121 3172 dixeratuuotor
1127 3119 1221 3171 Urbem
1227 3119 1352 3186 incendit,
1360 3139 1417 3192 prn-

378 3219 473 3252 norunt
485 3197 667 3266 multitudine,
676 3198 785 3265 accidit,
793 3211 822 3250 ut
830 3201 879 3250 Ro·
921 3201 1008 3251 sertim
1019 3217 1101 3270 quum
1109 3198 1416 3252 verbumincenderenou

376 3297 419 3330 ma
435 3278 559 3330 incendio
571 3277 760 3349 conflagraret,
771 3281 878 3331 Neroua
922 3280 1060 3330 conveniat
1074 3278 1184 3338 haunein
1198 3278 1225 3329 in
1241 3277 1339 3349 quibus
1352 3277 1417 3330 diiii·

377 3355 451 3429 apud
464 3359 571 3408 Antium
584 3360 738 3410 constituto.
752 3357 802 3410 Sed
815 3359 877 3428 opi·
922 3353 1066 3407 saltatibus
1076 3354 1242 3408 removendis
1254 3357 1312 3427 ipse
1320 3354 1417 3408 tabent

377 3437 422 3486 nio
437 3436 555 3485 omnium
573 3433 699 3487 invidiam
717 3435 831 3488 incendii
849 3437 876 3486 in
921 3434 962 3484 vir
974 3433 1417 3496 doctissimus3exerrorelibrario·

375 3514 525 3583 Principem
546 3513 732 3585 retorquebat,
750 3514 877 3567 credeba·
921 3531 977 3564 rum
988 3516 1114 3566 insertum
1125 3527 1191 3585 puto
1204 3525 1249 3579 ut,
1258 3517 1305 3586 qui
1314 3533 1367 3566 nou
1378 3531 1417 3566 ce·

376 3605 472 3663 torque
480 3592 877 3663 imperatorqloriaminnovau·
921 3605 1015 3664 perant
1028 3591 1108 3643 verba
1119 3610 1230 3664 quorum
1240 3591 1357 3664 spatium
1367 3611 1418 3642 snu-

376 3670 415 3723 dse
432 3670 510 3723 Urbis
523 3672 654 3740 quaesisse.
669 3673 763 3743 Neque
779 3672 830 3724 ulla
848 3691 876 3725 re
920 3673 991 3725 xime
1013 3671 1184 3739 desiderabat,
1205 3671 1262 3724 scil.
1283 3672 1374 3737 Nero,
1394 3685 1418 3721 et

376 3749 448 3802 Nero
459 3748 606 3813 efficiebat,
617 3752 680 3821 quin
688 3750 722 3802 ab
732 3771 765 3803 eo
774 3754 876 3822 jussum
921 3767 1004 3820 quum
1019 3751 1209 3801 nominativum
1225 3760 1352 3819 putarent
1363 3765 1417 3802 sou

374 3826 529 3880 incendium
537 3840 681 3898 putaretur.
691 3851 702 3875 s
712 3828 875 3900 Disputatde
919 3825 1047 3895 matium,
1059 3843 1120 3877 curn
1132 3825 1306 3898 sequentibus
1315 3846 1346 3879 ea
1357 3843 1418 3897 par·

375 3925 405 3960 ea
416 3925 443 3958 re
454 3905 567 3958 Reimar.
578 3905 612 3958 ud
623 3906 722 3979 Xipbil.
736 3908 753 3958 Ι.
764 3927 786 3959 c.
799 3911 875 3960 Acci·
920 3903 1273 3974 ticulajungerevoluerunt.
1281 3907 1417 3968 Ceterum,

375 3985 414 4037 dit
438 3984 494 4036 buc
518 3983 624 4052 clades,
649 3986 797 4038 nomnibus
819 3987 877 4057 (ita
920 3983 1048 4034 eNostro
1066 3982 1144 4034 Oros.
1160 3984 1220 4048 Vll,
1238 3999 1263 4052 7,
1279 3984 1417 4054 -Deniquc

374 4066 459 4116 Tacit·
479 4063 496 4114 Ι.
516 4063 572 4134 o),
590 4083 646 4136 quae
665 4064 727 4116 huic
743 4065 809 4117 Urbi
829 4086 877 4137 per
920 4061 998 4114 Urbis
1008 4062 1097 4111 Romae
1109 4060 1264 4114 incondium
1275 4061 1417 4132 voluptatis

375 4142 525 4195 violentiam
536 4143 635 4213 ignium
645 4142 876 4216 acciderunt,qra-
920 4162 973 4196 suae
997 4141 1178 4214 spectaculum
1204 4143 1275 4195 fecit.
1302 4145 1350 4195 Per
1376 4159 1419 4194 sex

376 4225 431 4274 sior
445 4237 523 4293 utque
536 4225 683 4290 anonim,-
698 4242 762 4275 ann.
778 4224 837 4276 aru.
921 4228 988 4278 enim
998 4224 1053 4278 dies
1064 4235 1217 4296 septemque
1226 4235 1317 4276 noctes
1325 4223 1417 4276 ardeus
