3076 5146
453 535 775 606 uonrrnnus.
824 565 827 576 ·
1069 539 1139 630 a„

91 660 622 754 rabtatis,experimenta.0mnes
638 663 727 728 circa
737 685 775 730 se
781 659 970 752 largissime
980 681 1140 754 prm

90 791 160 856 tus,
172 771 259 844 nibil
273 775 369 866 prius
383 787 445 840 aut
456 775 566 840 acrius
577 776 725 855 monuit,
738 795 842 868 quam
852 770 991 869 nequid
1002 771 1137 844 sordide

89 886 246 954 frenent.
253 884 397 954 Relictas
403 882 466 953 sibi
473 881 915 981 heredimtesabbnqudrns
921 885 1018 954 lssreri
1025 903 1137 971 erant,

90 1017 153 1061 non
165 997 305 1087 recepit.
321 999 485 1086 Legatum
496 996 598 1062 etism
610 1015 652 1062 ex
664 1009 867 1064 testamento
878 995 979 1064 Rusci
993 995 1137 1090 tuapte

88 1100 167 1183 nis³,
186 1107 248 1197 qui
266 1119 418 1186 caverat,
439 1119 505 1172 aut
519 1103 702 1198 quntum
718 1104 983 1197 ingredientibus
1001 1109 1137 1178 Curiam

87 1213 304 1284 Senatoribua
335 1229 462 1282 aenam
488 1235 657 1282 summam
683 1217 808 1284 viritim
835 1231 1011 1308 praestaret
1037 1214 1137 1286 heres

88 1347 183 1406 suus,
197 1356 212 1386 a
231 1327 366 1394 irritum
379 1323 469 1394 fede
484 1329 588 1408 Reos,
606 1330 665 1422 qui
678 1343 757 1396 ante
771 1331 1042 1423 quinquennium
1055 1354 1136 1427 pros

88 1441 214 1506 simum
235 1435 330 1532 apud
347 1439 502 1507 marium
524 1439 801 1533 pependissent⁵,
825 1444 1000 1510 universos
1023 1440 1135 1510 discri-

87 1553 174 1618 mine
186 1548 347 1619 liberavit
358 1575 368 1634 ς
380 1573 444 1620 nec
456 1553 580 1644 repeti,
592 1555 657 1622 nisi
673 1556 763 1624 iutra
775 1577 923 1638 annum,
938 1577 1045 1649 eaque
1056 1577 1137 1623 con-

87 1657 234 1745 ditione,
244 1664 415 1755 permisit,
426 1678 466 1729 ut
475 1665 677 1750 aewestan,
691 1666 749 1760 qui
759 1687 895 1732 causam
907 1687 978 1732 non
988 1680 1135 1748 teneret,

87 1769 242 1841 exsilium
256 1791 356 1866 poena
370 1789 469 1842 esset.
487 1775 618 1843 Scribas
632 1777 850 1869 quaestorios,
869 1778 1077 1868 negotiantes
1094 1799 1136 1844 ex

86 1879 348 1965 aonauemdine,
367 1881 427 1950 sed
442 1899 560 1951 contm
575 1883 728 1953 Clodiam
743 1884 867 1976 legem,
884 1888 982 1954 venie
999 1887 1035 1952 in
1050 1909 1136 1978 prae·

87 1993 222 2060 teritum
240 1989 410 2060 donavitfl.
431 1991 619 2078 Subsicive,
638 2018 729 2089 quae,
747 1994 861 2064 divisis
879 2019 942 2088 per
956 2009 1135 2066 veteranos

49 2207 52 2212 -
118 2173 144 2226 3.
166 2175 249 2229 Burei
268 2175 403 2247 Caepionis.
422 2173 464 2226 Al.
483 2175 586 2242 nascit,
632 2173 1132 2229 aaubonoeoacedoetErnestio.ineo

86 2250 124 2304 rel
133 2253 225 2316 narn·
237 2253 351 2306 fortasse
361 2253 453 2306 Rustii.
633 2264 718 2306 teman
730 2255 936 2318 strumentis,
948 2253 1022 2326 quod
1031 2253 1065 2306 de
1076 2253 1134 2307 aria

118 2331 143 2399 4.
170 2333 206 2385 Ut
226 2334 369 2406 quotannis
389 2333 589 2406 ingredientibus
631 2331 714 2384 alieni
721 2335 772 2385 reis
781 2331 1048 2405 dici‚eorumque,ei
1060 2331 1133 2386 dam·

88 2412 208 2478 Quam,
226 2425 279 2466 ete.
295 2411 356 2464 nal.
370 2413 478 2464 Januar.
495 2423 588 2464 strenae
631 2411 687 2463 nati
698 2425 801 2478 essent,
812 2430 844 2464 ex
854 2409 933 2464 bouis
945 2411 1061 2483 aliquam
1070 2430 1131 2484 par·

87 2487 144 2542 laea
156 2489 230 2543 bane
245 2509 377 2544 summurn
391 2489 481 2543 datam
500 2491 588 2561 suspi-
630 2503 683 2543 tem
700 2490 733 2544 ad
746 2493 867 2543 ararium
881 2492 1045 2562 pervenisse,
1060 2489 1133 2543 ideo·

87 2585 158 2624 eatur
175 2575 353 2626 Burmannus.
370 2571 427 2642 Ego
443 2589 527 2623 noros
542 2571 587 2624 Se·
631 2587 684 2640 que
702 2571 810 2622 nomina
827 2569 865 2622 ibi
886 2567 1059 2641 pependisse,
1077 2570 1132 2622 exi-

86 2650 588 2722 natareaintelligeremeiim,qniqua·
630 2649 718 2700 ntimo.

87 2731 169 2782 tannis
185 2729 229 2784 rel
249 2730 284 2782 ob
302 2731 405 2800 generis
422 2729 587 2783 nubilitatem
666 2726 693 2778 6.
714 2726 815 2780 Scribas
831 2727 1006 2801 quartarios...
1027 2727 1131 2780 venia...

87 2809 161 2862 timul
170 2829 234 2862 enm
242 2809 309 2862 virili
319 2823 381 2880 toga
392 2809 587 2862 latumelavum
630 2804 745 2860 maante.
756 2808 859 2860 Ernest.
874 2807 902 2858 in
909 2807 1018 2862 Eanum.
1030 2804 1065 2858 ad
1074 2804 1101 2858 b.
1114 2805 1132 2857 Ι.

85 2885 232 2940 induebant
247 2886 323 2958 (vide
337 2890 404 2959 Aug.
420 2887 587 2960 38)‚v010h
629 2883 729 2938 scribae
746 2885 914 2952 Qunetornm
929 2883 1132 2957 prouincialium

86 2983 190 3018 munera
202 2979 325 3037 suscepta
338 2967 365 3017 in
375 2967 482 3018 Curiam
493 2963 587 3018 admit·
629 2965 766 3036 intelligit,
778 2984 860 3037 quum
871 2965 965 3017 urbani
976 2963 1022 3016 iila
1032 2977 1133 3036 tempo-

86 3043 216 3098 tebentur.
231 3045 362 3116 impensis
377 3061 437 3096 eum
455 3061 486 3095 ea
501 3042 588 3113 digni·
630 3047 792 3116 repecuniae
799 3044 919 3116 publicas
926 3063 981 3096 uon
989 3057 1132 3097 tractarent

86 3136 135 3176 tate
150 3123 303 3194 ebnjuuetie
320 3117 473 3177 subvenisse
482 3121 587 3176 videtur
628 3122 745 3192 (vidend
752 3122 916 3193 Claudad),
926 3121 1052 3192 nulleque
1062 3120 1131 3176 adeo
1231 3149 1235 3156 ·

85 3201 198 3273 legatum
214 3203 354 3274 Caepionis.
629 3219 709 3254 causa
719 3215 801 3265 esset,
812 3203 1131 3273 quareiisnegotiationi-

116 3281 141 3335 5.
164 3283 246 3347 Reor,
260 3282 334 3354 qui...
347 3281 543 3353 pependissentf
556 3279 584 3332 h.
628 3277 679 3332 bus
688 3279 896 3334 interdiceretur.
907 3281 1039 3332 Exemiue
1050 3281 1132 3350 igitur

74 3379 106 3432 ,e
118 3379 235 3433 querum
246 3362 354 3413 nomina
366 3374 427 3412 ante
438 3362 586 3432 quinquen-
629 3370 706 3430 putat
715 3360 896 3412 Domitianum
905 3357 1004 3410 scribas
1015 3357 1129 3430 iegibus,

84 3441 154 3493 mum
163 3441 202 3494 ob
211 3459 245 3493 tea
256 3439 370 3492 alienum
382 3438 417 3492 ad
424 3439 527 3509 judices
539 3437 585 3491 de·
630 3438 726 3509 quibus
741 3437 865 3491 Praesides
880 3439 1075 3510 provinciarum
1089 3437 1131 3492 ie-

85 3519 149 3588 lna,
166 3523 305 3594 proposita
329 3519 418 3572 adbuc
441 3523 468 3571 in
492 3521 584 3572 aerario
629 3537 679 3571 nus
691 3537 812 3572 exercere
824 3533 850 3572 et
861 3521 991 3592 negotiari
1002 3518 1130 3572 vetaban-

84 3599 244 3671 penderent,
258 3618 286 3651 re
297 3597 416 3650 nondum
431 3596 583 3669 dijudicata.
629 3610 681 3664 tur,
694 3615 776 3669 quum
788 3595 826 3650 illi
838 3612 969 3670 perpetuo
980 3599 1009 3649 in
1022 3601 1131 3670 provin·

85 3679 192 3732 Dieendi
211 3677 325 3730 formula
346 3689 386 3729 eet
404 3675 511 3744 eedem,
529 3695 586 3747 quae
630 3679 671 3728 eia
683 3691 828 3729 manerent.
840 3679 880 3729 De
892 3678 948 3750 dege
960 3675 1050 3730 clodia
1061 3679 1131 3747 ejus-

86 3757 174 3812 Qud.
191 3776 209 3828 9
222 3756 286 3827 (ubi
299 3755 359 3809 ride
370 3767 427 3808 not.
443 3754 503 3807 coll.
519 3757 587 3806 Har·
630 3755 1132 3828 queauetorenibiicanstatcbdugn-

86 3833 155 3890 duin.
166 3837 202 3890 ad
213 3837 279 3890 Pliu.
290 3837 322 3888 fl.
333 3838 366 3888 N.
377 3835 447 3900 xm,
462 3833 492 3887 15
503 3831 585 3905 [29])‚
629 3838 690 3889 etin.
700 3835 733 3887 de
741 3836 856 3906 Legibus
867 3836 960 3906 (Thes.
969 3837 1051 3889 cm.
1065 3849 1129 3888 tom.

87 3933 245 3990 quamquam
253 3915 280 3968 b.
292 3915 309 3966 l.
321 3911 422 3967 non'de
432 3916 515 3966 aerarii
527 3925 586 3964 tau·
629 3917 665 3980 11,
675 3932 736 3985 pag.
751 3914 842 3985 1190).
853 3912 1131 3988 Pleriqueeupntlegie

86 3995 327 4061 tundebitoribua,
335 3993 381 4048 sed
391 3992 522 4046 dinturnis
533 4011 587 4044 om·
630 3994 679 4064 Qu.
691 3991 795 4046 Claudii
805 3994 879 4047 Trib.
887 3994 959 4066 pleb.
971 3993 1005 4047 de
1013 4011 1066 4064 qua
1074 3995 1129 4044 Liv.

87 4073 585 4146 ninoreie,inquotsimilis1‘rincipum
627 4072 703 4138 xxi,
720 4071 769 4139 63,
785 4071 867 4124 tuisse
883 4085 977 4144 patant
994 4069 1029 4122 de
1045 4070 1131 4124 scribit

86 4151 225 4208 liberalitas
239 4156 351 4224 August.
366 4153 400 4206 32
415 4165 442 4205 at
455 4151 535 4223 Calig.
554 4149 585 4204 15
629 4151 783 4222 quaestoriis,
796 4149 876 4222 idque
889 4145 1041 4221 probabile,
1054 4145 1130 4220 qaod

87 4247 257 4300 memoretur,
272 4249 422 4286 sermonem
440 4249 514 4297 esse,
533 4229 585 4284 Ce-
630 4231 661 4282 de
671 4230 791 4284 indecora
803 4229 911 4281 Petram
923 4239 1024 4300 quatu
1033 4226 1077 4280 iila
1089 4243 1130 4278 ca·
