3066 5148
513 485 770 551 ornicum.
1126 492 1167 577 45

116 629 186 674 rrun
197 605 411 693 alterum,ut
423 641 436 671 ει
448 600 576 679 nullius
587 613 728 703 ingenii,
738 612 954 708 minimaeque
964 612 1140 703 doctrince3
1152 651 1166 681 o

116 716 275 802 alterum,
299 736 340 789 ut
367 720 578 792 «verbosum
603 725 640 789 in
661 721 820 807 historia,
842 723 1165 822 negligentemque»

116 829 282 922 carpebat.
300 837 352 900 De
367 828 455 924 juris
471 856 606 926 quoque
628 830 810 916 consultis,
832 837 928 927 quasi
947 837 1095 904 scientiae
1113 862 1169 907 eo·

115 964 186 1006 rum
197 964 339 1010 omnem
350 967 452 1010 usum
464 940 669 1023 aboliturus,
683 965 773 1034 saepe
781 939 966 1035 jactavim
978 969 1029 1028 se,
1041 946 1170 1016 meher-

114 1051 177 1134 cle,
188 1053 410 1138 effecturum‚
421 1079 466 1123 ne
475 1057 535 1150 qui
543 1052 749 1146 respondere
758 1057 889 1146 possint
897 1072 1020 1148 praeter
1029 1080 1107 1124 eum
1115 1061 1138 1125 ⁵.
1150 1091 1164 1121 ι

155 1167 293 1233 XXXV.
319 1171 442 1234 Vetera
453 1164 657 1234 familiarum
667 1166 811 1257 insignia
822 1165 1031 1235 nobilissimo
1044 1173 1166 1265 cuique

114 1272 261 1344 ademit:
289 1283 465 1374 Torquato
490 1293 665 1372 torquem3
691 1278 888 1346 Cincinnato
914 1281 1080 1363 crincm¹3
1104 1286 1165 1350 Cn.

116 1391 293 1482 Pompeio²
304 1393 417 1484 stirpis
427 1393 590 1485 antiquae,
600 1392 716 1483 Magni
725 1413 924 1483 cognomen.
936 1391 1166 1476 Ptolemaeum,

146 1633 172 1687 5.
181 1635 282 1707 Nequi
292 1637 441 1708 respondere
448 1638 619 1711 possintproe·
662 1656 753 1703 mm,
768 1650 861 1691 contra
872 1652 933 1711 post
945 1643 1118 1712 uxoremeJ'm
1129 1659 1168 1694 ae·

114 1727 150 1766 ter
162 1733 234 1766 mm.
257 1718 351 1785 Quum
370 1718 509 1772 manifeste
529 1718 617 1770 verbis
663 1717 709 1786 qui
722 1715 838 1769 debebat
847 1729 980 1789 occeperat
986 1717 1055 1778 ,·sed
1064 1732 1167 1786 auctor,

115 1793 172 1844 insit
185 1796 339 1861 sententia,
355 1814 412 1868 qua·
426 1797 491 1850 Ces.
509 1815 558 1868 77,
572 1797 618 1848 de-
663 1813 745 1866 quum
759 1794 884 1850 historice
895 1796 994 1849 addere
1006 1817 1061 1850 rem
1070 1801 1166 1870 coepis-

116 1873 168 1925 bere
183 1873 304 1927 domines
316 1877 374 1946 jam
389 1895 438 1950 pro
457 1877 552 1950 legibus
568 1877 617 1929 lra-
662 1887 717 1940 set,
737 1875 825 1928 subito
842 1875 878 1927 ad
893 1874 991 1928 Vitellii
1008 1881 1167 1930 sententiam

116 1952 252 2024 bere,quoe
260 1954 347 2022 dicat,
359 1954 617 2026 qnodconfirmatiu
662 1952 776 2006 deflexit.
797 1954 950 2007 Graecorum
968 1957 1097 2008 minorem
1115 1956 1166 2010 hac

115 2034 171 2104 leg.
180 2033 213 2085 ad
221 2035 317 2086 Caium
324 2035 412 2105 Philo,
419 2035 548 2090 edidimus
556 2055 617 2090 cum
661 2033 689 2083 io
708 2049 738 2083 re
755 2031 874 2101 expleam
891 2051 964 2099 esse,
982 2035 1045 2087 satis
1061 2047 1166 2088 notum.

117 2114 214 2164 Ernest.
228 2128 254 2167 et
265 2113 392 2166 Oudend.
407 2116 499 2188 nequi
500 2155 547 2168 ,,,,,
558 2135 617 2189 ρος.
661 2109 786 2162 Ceterum
793 2113 936 2164 innumerae
943 2113 1017 2163 luere
1025 2110 1104 2182 hujus
1113 2112 1166 2168 loci

116 2191 175 2258 sint,
189 2210 240 2262 pro
251 2193 373 2263 nequid,
388 2207 438 2246 etc.
451 2193 535 2261 Quod
547 2197 615 2246 enim
662 2189 878 2259 emendationes,
900 2203 931 2243 ut
969 2203 1042 2244 raeter
1062 2213 1166 2266 <equum

118 2270 169 2338 alii,
180 2271 319 2343 nequis...
329 2274 423 2344 possit,
433 2274 527 2326 eodem
537 2273 615 2327 redit.
662 2266 845 2340 (precedente
857 2289 890 2322 ne
901 2212 1000 2343 quid),
1010 2282 1105 2344 preter
1113 2273 1166 2325 De-

117 2351 164 2400 Pro
180 2349 298 2419 possint,
318 2349 354 2400 al.
375 2361 493 2422 possem
514 2350 582 2402 illud
600 2370 617 2404 a
660 2345 722 2413 um',
733 2358 931 2421 preterequum
942 2349 1101 2422 (incitatum
1115 2354 1166 2405 sci-

117 2431 232 2500 pronimo
246 2429 420 2502 effecturum,
436 2430 488 2483 boc
505 2449 520 2482 a
533 2430 616 2483 verbo
661 2423 756 2497 licet),
766 2439 890 2498 preterea
898 2451 908 2492 ς
921 2441 996 2481 taceo
1009 2429 1086 2499 alias,
1099 2450 1165 2502 quas

112 2509 218 2579 jactavit
230 2507 371 2578 penderet.
382 2511 441 2562 Jam
451 2520 546 2583 proeter
555 2529 616 2562 eum
661 2507 740 2558 unius
754 2507 912 2560 animemus
927 2509 1012 2561 assis:
1028 2510 1062 2559 cf.
1076 2512 1163 2562 Burni.

117 2586 211 2639 dicim
225 2607 277 2659 pro
290 2601 384 2661 precer
393 2609 432 2656 se,
445 2590 539 2662 inquo
554 2591 617 2642 scri.
661 2598 687 2636 et
696 2583 820 2639 Oudend.
833 2587 1091 2658 Respondeteautem
1103 2607 1166 2659 pro-

118 2679 216 2737 ptor-es,
230 2685 315 2738 quum
328 2667 441 2721 aliorum
453 2669 533 2721 verba
547 2670 617 2722 refe-
659 2665 717 2735 prio
729 2662 867 2732 dicuntur,
883 2667 928 2738 qui
943 2664 1045 2718 consuli
1061 2665 1164 2733 solent,

117 2759 189 2810 mot,
206 2745 283 2797 haud
299 2747 363 2800 satis
382 2750 500 2800 accurati
520 2749 616 2819 sepius
660 2741 731 2794 unde
741 2743 829 2796 adhuc
839 2742 1055 2798 Juritconsultt'et
1065 2764 1166 2818 respon-

117 2821 367 2895 deprehenduntur,
395 2824 458 2876 dum
483 2844 512 2878 se
532 2826 615 2896 magis
660 2841 689 2876 to
696 2824 774 2895 juris.

118 2917 264 2969 narrantes,
274 2921 438 2975 quamenm,
448 2903 483 2956 de
493 2922 546 2975 quo
557 2921 617 2954 nar-
696 2903 803 2955 XXXV.
830 2919 852 2954 r.
874 2903 1029 2957 Cincinnato
1048 2907 1146 2958 emnem
1155 2929 1165 2969 ,·
1188 2901 1194 2912 ¹

118 2985 347 3055 rant,reapiciunt.
361 2983 496 3035 ItaValer.
507 2984 615 3035 Maxim.
662 2999 744 3052 quum
759 2999 775 3032 a
791 2980 919 3035 cincinnis
935 2983 1085 3035 Cincinnati
1101 2980 1166 3035 dicti

118 3062 153 3128 V,
166 3079 194 3129 1,
205 3061 240 3129 3,
252 3073 305 3114 ext
323 3061 567 3133 «percontabatur,
581 3081 617 3114 an
661 3061 723 3115 sint.
736 3058 790 3112 Liv.
802 3062 852 3126 Ill,
870 3077 909 3111 ra.

118 3161 160 3210 ea,
174 3162 233 3217 quoe
243 3144 281 3196 nd
290 3161 363 3195 aures
373 3144 427 3215 ejus
435 3155 616 3215 peruenerant,
699 3156 723 3191 a.
736 3141 781 3192 Cn.
792 3141 921 3211 Pompeio
927 3163 938 3202 ,·
949 3159 1028 3212 quem
1036 3159 1165 3212 generum

118 3221 256 3291 dixissent,
265 3247 277 3270 ι
288 3221 515 3296 ubianctoraeque
523 3241 538 3274 a
547 3241 617 3294 qua·
660 3235 757 3293 postea
769 3219 888 3287 Claudii,
901 3234 928 3273 et
941 3222 976 3273 ab
988 3221 1167 3295 eodemlocci·

117 3304 197 3355 ctione
209 3303 294 3355 relata
306 3301 340 3354 atl
352 3317 427 3353 suam
439 3303 618 3354 narrationem
662 3319 741 3368 sum,
766 3313 856 3352 narrat
883 3300 1045 3368 Suetonius,
1070 3301 1164 3356 Claud.

118 3387 215 3437 transit.
240 3385 326 3456 AEque
348 3385 503 3438 Suetonium
523 3382 617 3435 fefellit
661 3397 721 3450 cap.
744 3396 776 3449 ²7
799 3391 826 3431 et
848 3397 891 3450 ²9·
914 3379 1056 3432 Ademtum
1077 3393 1165 3433 autem

118 3466 258 3529 sententia,
269 3464 438 3516 -Jtffocturm
448 3476 518 3529 erat,
528 3462 618 3534 nequi
663 3476 812 3529 cognomen
830 3460 921 3530 Magni
935 3477 950 3510 a
964 3458 1045 3526 Caio,
1058 3461 1166 3511 restitu-

120 3540 278 3613 reepondere
292 3553 402 3612 possent
413 3553 509 3613 preter
523 3560 614 3593 eum·
662 3550 719 3589 tum
734 3556 749 3589 a
763 3536 893 3606 Claudio,
910 3537 1002 3609 prodit
1018 3538 1083 3602 Dio,
1102 3538 1167 3604 Lx,

119 3621 192 3673 Conf.
216 3620 251 3672 ad
268 3621 368 3672 Neron.
388 3620 439 3684 32,
462 3633 488 3672 et
506 3621 618 3692 Eutrop.
664 3617 689 3670 5.
704 3616 792 3669 Verba
806 3616 890 3688 stirpis
901 3618 1017 3688 antique
1028 3615 1117 3668 addita
1127 3617 1167 3668 in·

24 3741 25 3744 ¹
119 3701 176 3765 Vll,
193 3715 240 3764 n,
256 3718 361 3769 «quum
376 3701 480 3752 tantiae
493 3718 547 3751 non
561 3718 618 3752 ease
653 3691 793 3767 ‘terpretes
811 3696 921 3765 dicunt,
940 3699 1002 3769 quia
1020 3696 1097 3768 mqlti
1114 3695 1165 3748 ob-

120 3779 237 3847 dixisset,
248 3791 280 3831 nt
290 3791 402 3851 propter
410 3797 469 3830 eum
479 3778 553 3831 civile
562 3777 619 3830 bel·
663 3795 745 3829 scurae
758 3779 884 3849 originis,
896 3789 927 3829 ut
936 3795 967 3829 ex
979 3769 1079 3828 libeolis
1090 3779 1167 3828 Pom-

24 3897 25 3902 .
122 3859 169 3911 lom
186 3871 429 3913 commoveretur.»
449 3859 535 3910 Tacit.
551 3859 618 3912 Hist.
663 3859 787 3930 peiorum
806 3858 876 3924 nati,
895 3858 1050 3929 Pompeium
1069 3877 1167 3909 nomen

24 3951 25 3996 j
123 3941 157 4005 11,
167 3939 218 4008 64,
233 3937 394 4004 «Vitellius,
412 3948 484 3990 metu
499 3950 525 3991 et
539 3935 620 4003 odio,
665 3938 802 4009 gerebant.
816 3937 943 4009 Equidem
958 3937 1013 3990 hec
1027 3937 1081 3990 duo
1094 3955 1170 3988 voca-

24 4019 25 4080 l
125 4019 189 4090 qnod
196 4021 479 4086 Petroniam,uxorem
486 4020 623 4090 qus,mox
665 4017 729 4069 bula
747 4017 863 4090 glossam
880 4030 946 4089 puto
965 4017 1106 4069 verborum
1120 4034 1169 4068 no—

24 4089 26 4160 l
126 4097 257 4151 Dolabella
266 4100 295 4150 in
304 4097 503 4150 matrimonium
512 4098 623 4170 accepis-
669 4095 791 4149 bilissimo
811 4097 925 4169 cuique,
950 4093 1037 4148 alieno
1058 4093 1118 4146 loco
1141 4095 1169 4145 in

126 4190 189 4244 κῃ·
202 4178 292 4246 ιὼίσᾷ
302 4179 440 4250 accepisset
449 4176 624 4230 conveniebat
668 4190 769 4230 textum
783 4189 926 4248 receptam.
949 4214 953 4220 .
