3076 5146
458 559 776 626 DOMITIANUS.
1081 561 1146 644 405

89 690 208 779 gestis.
229 691 314 756 Nam
337 701 370 750 et
388 687 531 776 parcetis
553 682 658 750 oculis
681 686 816 765 vestris,
836 701 870 752 et
887 684 1076 777 intelligent
1095 711 1150 754 me

89 819 212 866 omnes
227 797 362 864 Senatui
378 791 581 860 interfuisse.
595 824 608 852 ι»
1080 793 1082 799 ’

135 931 216 994 Xll.
236 925 428 993 Exhaustus
439 947 580 1014 operum
592 947 632 990 ac
643 947 825 990 munerum
834 927 1011 1016 impensis,
1024 928 1147 1018 stipen-

88 1036 239 1132 dioque,
255 1034 348 1130 quod
362 1032 530 1126 adjecerat
540 1045 560 1114 ¹,
575 1036 715 1102 tentavit
726 1033 880 1128 quidem,
893 1034 936 1102 ad
948 1036 1148 1105 relevandos

87 1163 283 1215 castrenses
309 1161 456 1227 sumtus,
481 1143 626 1211 militum
649 1168 828 1212 numerum
850 1143 1062 1214 deminuere:
1089 1145 1148 1213 sed

89 1283 201 1352 quum
220 1273 254 1324 et
270 1256 454 1323 obnoxium
469 1279 506 1322 se
521 1256 673 1324 barbaris
687 1278 749 1348 per
765 1257 830 1324 hoc
846 1257 1145 1344 animadverteret,

88 1395 206 1466 neque
226 1394 267 1436 eo
287 1371 396 1436 secius
412 1370 448 1434 in
464 1367 671 1461 explicandis
690 1368 869 1436 oneribus²
889 1368 1045 1453 haereret,
1061 1369 1146 1437 nihil

88 1487 191 1577 pensi
211 1481 363 1564 hahuit3,
382 1481 464 1573 quin
481 1479 688 1572 praedaretur
704 1483 797 1548 omni
815 1479 928 1547 modo.
947 1485 1037 1548 Bona
1056 1484 1147 1548 vivo-

89 1616 169 1658 rum
182 1615 225 1658 ac
236 1604 449 1657 mortuorum
464 1611 724 1682 usquequaque,
739 1589 892 1684 quolibet
904 1606 937 1656 et
952 1607 1147 1659 accusatore

87 1704 296 1784 etcrimine,
308 1699 586 1791 corripiebantur.
601 1704 685 1770 Satis
698 1717 784 1782 erat,
800 1697 899 1793 objici
911 1701 1145 1796 qualecunque

88 1812 223 1880 lectum
241 1811 412 1913 dictumve
433 1808 594 1876 adversus
612 1807 823 1904 majestatem
845 1813 1016 1904 Principis.
1037 1812 1146 1879 Confi-

89 1921 278 1992 scabantur
289 1920 504 1987 alienissimae
516 1918 728 2002 hereditates,
739 1919 793 1987 vel
803 1943 872 1988 uno
882 1924 1073 2003 exsistente,
1087 1925 1146 2017 qui

89 2033 238 2116 diceret,
252 2031 386 2100 audisse
398 2055 434 2098 se
445 2057 483 2098 ex
497 2030 676 2112 defuncto,
690 2056 796 2125 quum
809 2034 945 2111 viveret,
962 2063 976 2098 a.
987 2031 1144 2100 heredem

74 2144 153 2212 sibi
164 2148 336 2212 Caesarem
346 2167 430 2210 esse.
445 2175 458 2203 ν
476 2149 600 2209 Praeter
611 2159 739 2210 ceteros
749 2141 909 2209 ludoicus
921 2142 1044 2210 fiscust
1055 2166 1145 2210 scer·

89 2253 235 2322 bissime
247 2269 343 2320 actus
358 2269 424 2319 est:
440 2251 486 2318 ad
499 2275 599 2346 quem
612 2249 863 2330 deferebantur,
878 2255 936 2345 qui
951 2253 1002 2319 vel
1018 2254 1145 2344 impro-

89 2367 174 2434 fessi
187 2365 366 2436 ludaicam
380 2368 530 2431 viverent
544 2366 644 2430 vitam
654 2366 678 2442 5,
696 2363 765 2442 vel,
781 2362 989 2430 dissimulate
1002 2366 1142 2454 origine,

88 2479 254 2570 imposita
272 2479 362 2569 genti
381 2476 505 2543 tributa
523 2498 590 2542 non
608 2473 857 2566 pependissent.
878 2475 1072 2542 lnterfuisse
1089 2499 1144 2542 me

88 2587 386 2658 adolescentulum
395 2589 549 2667 memini,
560 2611 692 2680 quuma
703 2602 935 2679 procuratore,
948 2586 1145 2680 frequentis·

124 2829 187 2880 xit.
203 2846 226 2880 r.
239 2829 439 2902 Stipendioque,
452 2827 522 2900 quod
531 2829 599 2900 adje
644 2830 724 2880 refert
738 2847 769 2880 ex
782 2825 890 2896 loseph.
904 2824 1032 2876 Archaeol.
1047 2825 1144 2890 xvnt,

90 2919 171 2960 cerat
190 2907 259 2958 Vide
278 2926 375 2978 supra,
394 2927 453 2979 cap.
471 2923 495 2976 7.
511 2939 546 2946 —
560 2909 600 2959 De
648 2925 670 2973 t,
689 2910 778 2960 nescio
794 2925 827 2957 an
841 2905 956 2958 diversas
973 2923 1014 2955 res
1028 2904 1144 2955 confun-

90 2987 235 3040 demimtto
246 2986 361 3038 militnm
379 3005 486 3038 numero
502 2987 596 3038 Zonar.
645 2986 699 3038 dat.
714 2987 791 3038 Certe
808 2985 941 3055 Josephus
956 2986 1011 3054 ipse
1030 2982 1081 3034 hoc
1098 2985 1143 3033 tri-

90 3069 162 3120 Ann.
179 3069 221 3134 ll,
236 3085 295 3137 pag.
311 3065 368 3137 196.
643 3063 737 3115 butum
749 3064 858 3115 devictis
868 3062 974 3114 demum
989 3061 1084 3112 Judaeis
1096 3063 1146 3110 im-

128 3163 155 3197 2.
174 3146 211 3196 In
223 3143 382 3215 explt'cattdit
396 3145 526 3204 oneribus,
536 3143 562 3194 h.
574 3163 596 3194 e.
643 3146 759 3214 positum
772 3157 875 3206 narret,
887 3139 950 3192 llell.
962 3139 1021 3190 Jud.
1036 3138 1053 3192 Ι.
1067 3158 1089 3190 c.

91 3223 286 3296 comparandis
296 3225 417 3293 pecuniis
431 3223 465 3274 ad
479 3222 599 3294 publicas
680 3218 704 3272 5.
727 3217 776 3272 Vel
789 3217 934 3290 improfesst'
951 3217 1089 3284 ,Iudaicam
1105 3217 1146 3267 vi·

90 3308 231 3378 impensas
246 3305 408 3356 necessariis.
422 3304 562 3375 Explicare
574 3318 600 3354 et
645 3309 731 3350 vorent
744 3299 832 3349 vitam.
845 3298 885 3347 lta
896 3298 996 3348 Ernest.
1009 3313 1070 3347 cum
1083 3295 1144 3345 nur:

92 3385 218 3458 expedire
228 3387 335 3456 propria
346 3385 372 3435 in
385 3382 537 3436 hoererba.
644 3397 732 3429 mauu.
748 3390 774 3428 et
788 3374 912 3428 Oudend.
929 3375 971 3426 Al.
988 3373 1067 3432 ueluti
1080 3393 1144 3445 pro-

129 3466 156 3519 3.
167 3463 251 3516 Nittt
259 3464 334 3534 pensi
343 3462 440 3514 habuit.
448 3462 517 3514 Vide
527 3463 599 3514 Cort.
639 3459 704 3530 fessi
715 3472 741 3509 et
753 3457 794 3509 vel
805 3469 833 3509 ut
842 3457 964 3529 professi,-
974 3455 1090 3506 Gronov.
1104 3454 1145 3506 vel

92 3545 128 3598 ad
143 3541 251 3597 Sallust.
267 3543 342 3595 Catil.
357 3546 390 3606 V,
405 3543 429 3593 6.
646 3549 676 3588 ut
690 3536 840 3607 improfessr'.
855 3535 933 3586 Conf.
946 3535 1034 3586 Burm.
1047 3547 1073 3584 et
1085 3533 1144 3586 Ou-

130 3626 156 3692 4.
177 3625 305 3676 Iudaicus
316 3620 411 3696 fiscau
431 3620 500 3673 he.
520 3621 601 3673 trihu·
644 3614 854 3687 dendlntelligo
862 3614 987 3666 cumsliis
996 3612 1145 3685 proselytos,

92 3721 153 3758 tum
165 3703 279 3756 duarum
295 3702 497 3766 drachmarum,
512 3703 602 3773 singu·
645 3710 675 3747 ut
687 3697 823 3767 sequentia
836 3691 877 3747 vel
890 3692 1052 3745 dissimulata
1066 3691 1145 3761 oripi-

93 3782 232 3837 litludtcis
241 3800 289 3853 pro
297 3780 382 3832 libero
391 3779 524 3848 religionis
533 3797 603 3830 exer·
646 3795 694 3842 ne,
710 3789 759 3827 etc.
778 3775 811 3828 de
828 3773 999 3838 Christiania,
1014 3789 1081 3842 quos
1095 3768 1146 3820 snb

93 3865 159 3915 citio
170 3861 324 3932 impositum
334 3877 347 3908 a
358 3859 427 3909 Tito.
439 3855 478 3907 cf.
492 3854 601 3925 loseph.
645 3858 800 3908 Domitiano
813 3857 885 3926 grati
900 3853 1084 3926 persecutione
1100 3869 1146 3902 ve·

94 3941 161 3996 Bell.
171 3939 233 3994 Jud.
243 3939 304 4005 Vll,
314 3939 345 4004 (i,
358 3935 387 3998 6;
398 3934 497 4006 Xiphil.
507 3934 602 4000 LXVI,
646 3948 736 4001 ratos,
751 3948 775 3986 et
795 3932 951 4005 plerumque
970 3947 1030 3982 curn
1047 3927 1147 3980 ludaeis

96 4039 122 4090 7.
134 4020 216 4072 Plura
227 4017 288 4070 ride
301 4013 373 4087 apud
384 4017 498 4068 Reimar.
512 4013 543 4064 ad
555 4012 602 4064 xi·
647 4012 691 4064 illo
700 4024 820 4083 tempore
829 4012 955 4064 confusos
965 4017 1076 4061 constat.
1085 4009 1147 4056 Ver-

95 4097 162 4172 phil.
180 4096 198 4150 l.
214 4116 237 4148 c.
254 4109 280 4148 et
299 4094 414 4146 Tullium
434 4093 467 4146 ad
486 4093 601 4164 Appian.
646 4090 680 4143 ba
693 4093 762 4143 intro
776 4091 882 4154 Urbem,
895 4107 953 4160 quse
965 4086 1036 4155 vulg.
1050 4085 1146 4156 legun-

95 4180 195 4250 Syriac.
219 4176 262 4229 50.
287 4173 514 4244 Oudendorpius‚
539 4169 602 4222 dum
647 4166 1146 4232 turautevr'verent,hlSS.auctoritate

96 4256 149 4309 hoc
161 4256 290 4308 tributum
304 4251 337 4303 nd
349 4252 452 4318 Quirini
464 4243 602 4317 ἀπογραφὴ
648 4265 707 4299 cum
717 4245 889 4317 Oudendorp.
900 4244 1042 4296 omisimus.
