<?xml version="1.0" encoding="UTF-8"?>
<!DOCTYPE html PUBLIC "-//W3C//DTD XHTML 1.0 Transitional//EN"
    "http://www.w3.org/TR/xhtml1/DTD/xhtml1-transitional.dtd">
<html xmlns="http://www.w3.org/1999/xhtml" xml:lang="en" lang="en">
 <head>
  <title>
</title>
<meta http-equiv="Content-Type" content="text/html;charset=utf-8" />
  <meta name='ocr-system' content='tesseract 3.04.00' />
  <meta name='ocr-capabilities' content='ocr_page ocr_carea ocr_par ocr_line ocrx_word'/>
</head>
<body>
  <div class='ocr_page' id='page_1' title='image "./csuetoniitranqu00suetgoog_0342.png"; bbox 0 0 3068 5144; ppageno 0'>
   <div class='ocr_carea' id='block_1_1' title="bbox 367 557 1037 634">
    <p class='ocr_par' dir='ltr' id='par_1_1' title="bbox 367 557 1037 634">
     <span class='ocr_line' id='line_1_1' title="bbox 367 557 1037 634; baseline -0.006 -6"><span class='ocrx_word' id='word_1_1' title='bbox 367 557 436 628; x_wconf 81' lang='lat'>316</span> <span class='ocrx_word' id='word_1_2' title='bbox 741 565 777 631; x_wconf 79' lang='grc' dir='ltr'>Ο.</span> <span class='ocrx_word' id='word_1_3' title='bbox 804 561 1037 634; x_wconf 77' lang='lat' dir='ltr'>SUE&#39;I&#39;ONH</span> 
     </span>
    </p>
   </div>
   <div class='ocr_carea' id='block_1_2' title="bbox 361 683 1416 2224">
    <p class='ocr_par' dir='ltr' id='par_1_2' title="bbox 361 683 1416 1544">
     <span class='ocr_line' id='line_1_2' title="bbox 362 683 1413 784; baseline 0.003 -30"><span class='ocrx_word' id='word_1_4' title='bbox 362 685 475 756; x_wconf 77' lang='lat' dir='ltr'>tollius</span> <span class='ocrx_word' id='word_1_5' title='bbox 491 690 712 766; x_wconf 78' lang='lat' dir='ltr'>Germanicus</span> <span class='ocrx_word' id='word_1_6' title='bbox 729 691 818 784; x_wconf 79' lang='lat' dir='ltr'>intra¹</span> <span class='ocrx_word' id='word_1_7' title='bbox 836 686 982 759; x_wconf 88' lang='lat' dir='ltr'>eundem</span> <span class='ocrx_word' id='word_1_8' title='bbox 1001 683 1230 758; x_wconf 75' lang='lat' dir='ltr'><strong>Kalendarum</strong></span> <span class='ocrx_word' id='word_1_9' title='bbox 1245 685 1336 756; x_wconf 87' lang='lat' dir='ltr'>diem</span> <span class='ocrx_word' id='word_1_10' title='bbox 1353 708 1413 757; x_wconf 86' lang='lat' dir='ltr'>us·</span> 
     </span>
     <span class='ocr_line' id='line_1_3' title="bbox 363 797 1415 895; baseline -0.004 -25"><span class='ocrx_word' id='word_1_11' title='bbox 363 816 467 894; x_wconf 82' lang='lat' dir='ltr'>quant</span> <span class='ocrx_word' id='word_1_12' title='bbox 488 819 612 872; x_wconf 63' lang='lat' dir='ltr'>esseni</span> <span class='ocrx_word' id='word_1_13' title='bbox 636 805 817 895; x_wconf 77' lang='lat' dir='ltr'>Suspectus</span> <span class='ocrx_word' id='word_1_14' title='bbox 836 801 923 874; x_wconf 82' lang='lat' dir='ltr'>etin</span> <span class='ocrx_word' id='word_1_15' title='bbox 941 817 1051 872; x_wconf 84' lang='lat' dir='ltr'>morte</span> <span class='ocrx_word' id='word_1_16' title='bbox 1066 801 1202 870; x_wconf 80' lang='lat' dir='ltr'>mutrist</span> <span class='ocrx_word' id='word_1_17' title='bbox 1221 797 1300 880; x_wconf 83' lang='lat' dir='ltr'>fuit,</span> <span class='ocrx_word' id='word_1_18' title='bbox 1316 797 1415 893; x_wconf 81' lang='lat' dir='ltr'>qussi</span> 
     </span>
     <span class='ocr_line' id='line_1_4' title="bbox 362 912 1414 1006; baseline -0.005 -26"><span class='ocrx_word' id='word_1_19' title='bbox 362 933 462 1002; x_wconf 76' lang='lat' dir='ltr'>aegrae</span> <span class='ocrx_word' id='word_1_20' title='bbox 475 913 617 1006; x_wconf 85' lang='lat' dir='ltr'>praeberi</span> <span class='ocrx_word' id='word_1_21' title='bbox 630 913 742 986; x_wconf 88' lang='lat' dir='ltr'>cibum</span> <span class='ocrx_word' id='word_1_22' title='bbox 759 912 1005 1006; x_wconf 86' lang='lat' dir='ltr'>prohibuisset;</span> <span class='ocrx_word' id='word_1_23' title='bbox 1017 913 1219 980; x_wconf 82' lang='lat' dir='ltr'>vaticinante</span> <span class='ocrx_word' id='word_1_24' title='bbox 1232 913 1329 976; x_wconf 82' lang='lat' dir='ltr'>Catts</span> <span class='ocrx_word' id='word_1_25' title='bbox 1342 933 1414 976; x_wconf 89' lang='lat' dir='ltr'>mu·</span> 
     </span>
     <span class='ocr_line' id='line_1_5' title="bbox 361 1019 1415 1119; baseline -0.003 -30"><span class='ocrx_word' id='word_1_26' title='bbox 361 1019 480 1106; x_wconf 82' lang='lat' dir='ltr'>liere⁸‚</span> <span class='ocrx_word' id='word_1_27' title='bbox 498 1028 553 1094; x_wconf 91' lang='lat' dir='ltr'>cui</span> <span class='ocrx_word' id='word_1_28' title='bbox 563 1024 657 1094; x_wconf 87' lang='lat' dir='ltr'>velut</span> <span class='ocrx_word' id='word_1_29' title='bbox 668 1024 805 1094; x_wconf 77' lang='lat' dir='ltr'>oraculo</span> <span class='ocrx_word' id='word_1_30' title='bbox 816 1021 1066 1119; x_wconf 74' lang='lat' dir='ltr'>acquiescebat,</span> <span class='ocrx_word' id='word_1_31' title='bbox 1083 1023 1151 1091; x_wconf 78' lang='lat' dir='ltr'>«im</span> <span class='ocrx_word' id='word_1_32' title='bbox 1163 1021 1302 1091; x_wconf 90' lang='lat' dir='ltr'>demum</span> <span class='ocrx_word' id='word_1_33' title='bbox 1313 1019 1415 1088; x_wconf 85' lang='lat' dir='ltr'>firmi-</span> 
     </span>
     <span class='ocr_line' id='line_1_6' title="bbox 363 1133 1416 1228; baseline -0.001 -28"><span class='ocrx_word' id='word_1_34' title='bbox 363 1147 416 1201; x_wconf 84' lang='lat' dir='ltr'>ter</span> <span class='ocrx_word' id='word_1_35' title='bbox 426 1159 466 1206; x_wconf 84' lang='lat' dir='ltr'>uo</span> <span class='ocrx_word' id='word_1_36' title='bbox 476 1133 662 1206; x_wconf 69' lang='lat' dir='ltr'>diutissime</span> <span class='ocrx_word' id='word_1_37' title='bbox 674 1139 936 1228; x_wconf 77' lang='lat' dir='ltr'>imperaturum,</span> <span class='ocrx_word' id='word_1_38' title='bbox 947 1137 975 1204; x_wconf 91' lang='lat' dir='ltr'>si</span> <span class='ocrx_word' id='word_1_39' title='bbox 990 1149 1160 1227; x_wconf 79' lang='lat' dir='ltr'>superstes</span> <span class='ocrx_word' id='word_1_40' title='bbox 1173 1134 1304 1226; x_wconf 75' lang='lat' dir='ltr'>parenti</span> <span class='ocrx_word' id='word_1_41' title='bbox 1317 1133 1416 1200; x_wconf 85' lang='lat' dir='ltr'>exsti·</span> 
     </span>
     <span class='ocr_line' id='line_1_7' title="bbox 364 1243 1416 1341; baseline -0.005 -27"><span class='ocrx_word' id='word_1_42' title='bbox 364 1246 493 1316; x_wconf 75' lang='lat' dir='ltr'>timet·</span> <span class='ocrx_word' id='word_1_43' title='bbox 512 1247 576 1316; x_wconf 81' lang='lat' dir='ltr'>Alii</span> <span class='ocrx_word' id='word_1_44' title='bbox 590 1246 764 1332; x_wconf 72' lang='lat' dir='ltr'>nudunw,</span> <span class='ocrx_word' id='word_1_45' title='bbox 778 1250 888 1341; x_wconf 82' lang='lat' dir='ltr'>ipsam</span> <span class='ocrx_word' id='word_1_46' title='bbox 899 1243 1000 1316; x_wconf 81' lang='lat' dir='ltr'>toedio</span> <span class='ocrx_word' id='word_1_47' title='bbox 1016 1247 1297 1339; x_wconf 54' lang='lat' dir='ltr'>presentium-et</span> <span class='ocrx_word' id='word_1_48' title='bbox 1308 1244 1416 1310; x_wconf 88' lang='lat' dir='ltr'>immi·</span> 
     </span>
     <span class='ocr_line' id='line_1_8' title="bbox 363 1350 1415 1452; baseline -0.005 -28"><span class='ocrx_word' id='word_1_49' title='bbox 363 1358 517 1427; x_wconf 77' lang='lat' dir='ltr'>nentium</span> <span class='ocrx_word' id='word_1_50' title='bbox 541 1375 650 1452; x_wconf 70' lang='lat' dir='ltr'>metu,</span> <span class='ocrx_word' id='word_1_51' title='bbox 670 1381 840 1428; x_wconf 87' lang='lat' dir='ltr'>venenum</span> <span class='ocrx_word' id='word_1_52' title='bbox 857 1382 878 1425; x_wconf 82' lang='lat' dir='ltr'><strong>a</strong></span> <span class='ocrx_word' id='word_1_53' title='bbox 896 1356 966 1426; x_wconf 83' lang='lat' dir='ltr'>filio</span> <span class='ocrx_word' id='word_1_54' title='bbox 985 1359 1200 1450; x_wconf 72' lang='lat' dir='ltr'>impetrasse,</span> <span class='ocrx_word' id='word_1_55' title='bbox 1221 1350 1315 1424; x_wconf 77' lang='lat' dir='ltr'>haud</span> <span class='ocrx_word' id='word_1_56' title='bbox 1333 1373 1415 1420; x_wconf 77' lang='lat' dir='ltr'>sane</span> 
     </span>
     <span class='ocr_line' id='line_1_9' title="bbox 363 1464 1258 1544; baseline -0.006 -8"><span class='ocrx_word' id='word_1_57' title='bbox 363 1464 556 1536; x_wconf 79' lang='lat' dir='ltr'>difficulter.</span> <span class='ocrx_word' id='word_1_58' title='bbox 668 1531 673 1543; x_wconf 83' lang='lat'><strong><em>‚</em></strong></span> <span class='ocrx_word' id='word_1_59' title='bbox 1255 1535 1258 1544; x_wconf 58' lang='grc'>,</span> 
     </span>
    </p>

    <p class='ocr_par' dir='ltr' id='par_1_3' title="bbox 362 1572 1415 2224">
     <span class='ocr_line' id='line_1_10' title="bbox 409 1572 1414 1670; baseline -0.005 -24"><span class='ocrx_word' id='word_1_60' title='bbox 409 1579 480 1646; x_wconf 88' lang='lat' dir='ltr'>XV.</span> <span class='ocrx_word' id='word_1_61' title='bbox 495 1580 621 1647; x_wconf 86' lang='lat' dir='ltr'>Octavo</span> <span class='ocrx_word' id='word_1_62' title='bbox 634 1578 765 1670; x_wconf 88' lang='lat' dir='ltr'>imperii</span> <span class='ocrx_word' id='word_1_63' title='bbox 779 1601 895 1652; x_wconf 85' lang='lat' dir='ltr'>mense</span> <span class='ocrx_word' id='word_1_64' title='bbox 907 1574 1122 1647; x_wconf 86' lang='lat' dir='ltr'>desciverunt</span> <span class='ocrx_word' id='word_1_65' title='bbox 1135 1573 1178 1644; x_wconf 82' lang='lat' dir='ltr'>ab</span> <span class='ocrx_word' id='word_1_66' title='bbox 1192 1572 1414 1644; x_wconf 74' lang='lat' dir='ltr'>mexercitum</span> 
     </span>
     <span class='ocr_line' id='line_1_11' title="bbox 362 1680 1415 1782; baseline -0.008 -23"><span class='ocrx_word' id='word_1_67' title='bbox 362 1687 558 1764; x_wconf 78' lang='lat' dir='ltr'>Moesiarum</span> <span class='ocrx_word' id='word_1_68' title='bbox 571 1702 673 1782; x_wconf 86' lang='lat' dir='ltr'>utque</span> <span class='ocrx_word' id='word_1_69' title='bbox 688 1689 886 1771; x_wconf 75' lang='lat' dir='ltr'>Pannoniae3</span> <span class='ocrx_word' id='word_1_70' title='bbox 901 1689 982 1756; x_wconf 88' lang='lat' dir='ltr'>item</span> <span class='ocrx_word' id='word_1_71' title='bbox 999 1709 1040 1754; x_wconf 85' lang='lat' dir='ltr'>ex</span> <span class='ocrx_word' id='word_1_72' title='bbox 1054 1684 1287 1754; x_wconf 77' lang='lat' dir='ltr'>transmarinis</span> <span class='ocrx_word' id='word_1_73' title='bbox 1300 1688 1320 1752; x_wconf 89' lang='lat' dir='ltr'>J</span> <span class='ocrx_word' id='word_1_74' title='bbox 1324 1680 1415 1752; x_wconf 76' lang='lat' dir='ltr'>udai-</span> 
     </span>
     <span class='ocr_line' id='line_1_12' title="bbox 362 1793 1415 1890; baseline -0.002 -28"><span class='ocrx_word' id='word_1_75' title='bbox 362 1817 424 1865; x_wconf 89' lang='lat' dir='ltr'>cus</span> <span class='ocrx_word' id='word_1_76' title='bbox 441 1812 475 1864; x_wconf 87' lang='lat' dir='ltr'>st</span> <span class='ocrx_word' id='word_1_77' title='bbox 497 1799 668 1890; x_wconf 77' lang='lat' dir='ltr'>Syriacus·</span> <span class='ocrx_word' id='word_1_78' title='bbox 682 1822 691 1866; x_wconf 72' lang='grc' dir='ltr'><strong><em>ε</em></strong></span> <span class='ocrx_word' id='word_1_79' title='bbox 706 1821 745 1867; x_wconf 81' lang='lat' dir='ltr'>ac.</span> <span class='ocrx_word' id='word_1_80' title='bbox 763 1821 841 1888; x_wconf 82' lang='lat' dir='ltr'>pers</span> <span class='ocrx_word' id='word_1_81' title='bbox 858 1797 892 1864; x_wconf 91' lang='lat' dir='ltr'>in</span> <span class='ocrx_word' id='word_1_82' title='bbox 909 1795 1076 1878; x_wconf 85' lang='lat' dir='ltr'>absentis,</span> <span class='ocrx_word' id='word_1_83' title='bbox 1091 1817 1168 1887; x_wconf 82' lang='lat' dir='ltr'>pars</span> <span class='ocrx_word' id='word_1_84' title='bbox 1185 1796 1221 1864; x_wconf 90' lang='lat' dir='ltr'>iu</span> <span class='ocrx_word' id='word_1_85' title='bbox 1238 1793 1415 1886; x_wconf 84' lang='lat' dir='ltr'>praesentis</span> 
     </span>
     <span class='ocr_line' id='line_1_13' title="bbox 363 1905 1415 2001; baseline -0.001 -28"><span class='ocrx_word' id='word_1_86' title='bbox 363 1909 559 1999; x_wconf 74' lang='lat' dir='ltr'>Vespasiani</span> <span class='ocrx_word' id='word_1_87' title='bbox 569 1909 669 1977; x_wconf 79' lang='lat' dir='ltr'>verba</span> <span class='ocrx_word' id='word_1_88' title='bbox 674 1905 845 2001; x_wconf 82' lang='lat' dir='ltr'>jurarunt.</span> <span class='ocrx_word' id='word_1_89' title='bbox 853 1908 903 1980; x_wconf 78' lang='lat' dir='ltr'>sd</span> <span class='ocrx_word' id='word_1_90' title='bbox 912 1905 1126 1978; x_wconf 88' lang='lat' dir='ltr'>retinendum</span> <span class='ocrx_word' id='word_1_91' title='bbox 1134 1929 1214 1998; x_wconf 75' lang='lat' dir='ltr'>ergo</span> <span class='ocrx_word' id='word_1_92' title='bbox 1222 1921 1415 1974; x_wconf 71' lang='lat' dir='ltr'>ceterorum</span> 
     </span>
     <span class='ocr_line' id='line_1_14' title="bbox 363 2013 1415 2111; baseline -0.002 -27"><span class='ocrx_word' id='word_1_93' title='bbox 363 2013 539 2088; x_wconf 89' lang='lat' dir='ltr'>hominurn</span> <span class='ocrx_word' id='word_1_94' title='bbox 549 2019 699 2088; x_wconf 89' lang='lat' dir='ltr'>studium</span> <span class='ocrx_word' id='word_1_95' title='bbox 709 2018 1014 2103; x_wconf 82' lang='lat' dir='ltr'>aefevorem,nihil</span> <span class='ocrx_word' id='word_1_96' title='bbox 1024 2043 1092 2086; x_wconf 91' lang='lat' dir='ltr'>non</span> <span class='ocrx_word' id='word_1_97' title='bbox 1102 2017 1236 2111; x_wconf 77' lang='lat' dir='ltr'>publius</span> <span class='ocrx_word' id='word_1_98' title='bbox 1244 2015 1415 2109; x_wconf 78' lang='lat' dir='ltr'>privatim·</span> 
     </span>
     <span class='ocr_line' id='line_1_15' title="bbox 362 2119 1414 2224; baseline -0.004 -30"><span class='ocrx_word' id='word_1_99' title='bbox 362 2151 446 2223; x_wconf 89' lang='lat' dir='ltr'>que,</span> <span class='ocrx_word' id='word_1_100' title='bbox 457 2127 711 2202; x_wconf 86' lang='lat' dir='ltr'>uulloadhibito</span> <span class='ocrx_word' id='word_1_101' title='bbox 723 2129 841 2215; x_wconf 86' lang='lat' dir='ltr'>modo,</span> <span class='ocrx_word' id='word_1_102' title='bbox 851 2129 991 2222; x_wconf 75' lang='lat' dir='ltr'>largitus</span> <span class='ocrx_word' id='word_1_103' title='bbox 1003 2119 1069 2198; x_wconf 82' lang='lat' dir='ltr'>est.¹</span> <span class='ocrx_word' id='word_1_104' title='bbox 1079 2128 1245 2198; x_wconf 82' lang='lat' dir='ltr'>Dilectum</span> <span class='ocrx_word' id='word_1_105' title='bbox 1257 2141 1414 2224; x_wconf 81' lang='lat' dir='ltr'>²qu0que</span> 
     </span>
    </p>
   </div>
   <div class='ocr_carea' id='block_1_3' title="bbox 292 2354 1421 4330">
    <p class='ocr_par' dir='ltr' id='par_1_4' title="bbox 363 2354 1415 2590">
     <span class='ocr_line' id='line_1_16' title="bbox 363 2354 1414 2429; baseline 0.004 -25"><span class='ocrx_word' id='word_1_106' title='bbox 363 2354 472 2408; x_wconf 75' lang='lat' dir='ltr'>watto.</span> <span class='ocrx_word' id='word_1_107' title='bbox 492 2355 616 2429; x_wconf 78' lang='lat' dir='ltr'>Sequitur</span> <span class='ocrx_word' id='word_1_108' title='bbox 630 2361 701 2411; x_wconf 77' lang='lat' dir='ltr'>enim</span> <span class='ocrx_word' id='word_1_109' title='bbox 717 2357 795 2412; x_wconf 87' lang='lat' dir='ltr'>edicti</span> <span class='ocrx_word' id='word_1_110' title='bbox 813 2361 865 2411; x_wconf 79' lang='lat' dir='ltr'>for·</span> <span class='ocrx_word' id='word_1_111' title='bbox 911 2360 1033 2412; x_wconf 76' lang='lat' dir='ltr'>solebant</span> <span class='ocrx_word' id='word_1_112' title='bbox 1043 2357 1164 2410; x_wconf 76' lang='lat' dir='ltr'>mulieres</span> <span class='ocrx_word' id='word_1_113' title='bbox 1172 2358 1299 2410; x_wconf 77' lang='lat' dir='ltr'>vaticines</span> <span class='ocrx_word' id='word_1_114' title='bbox 1306 2355 1414 2408; x_wconf 74' lang='lat' dir='ltr'>Germa·</span> 
     </span>
     <span class='ocr_line' id='line_1_17' title="bbox 364 2433 1415 2510; baseline 0.002 -24"><span class='ocrx_word' id='word_1_115' title='bbox 364 2433 435 2486; x_wconf 76' lang='lat' dir='ltr'>uiuis</span> <span class='ocrx_word' id='word_1_116' title='bbox 448 2435 546 2486; x_wconf 81' lang='lat' dir='ltr'>botrum</span> <span class='ocrx_word' id='word_1_117' title='bbox 554 2437 675 2508; x_wconf 81' lang='lat' dir='ltr'>factum,</span> <span class='ocrx_word' id='word_1_118' title='bbox 688 2437 722 2492; x_wconf 87' lang='lat' dir='ltr'>de</span> <span class='ocrx_word' id='word_1_119' title='bbox 740 2458 793 2510; x_wconf 80' lang='lat' dir='ltr'>que</span> <span class='ocrx_word' id='word_1_120' title='bbox 805 2439 864 2494; x_wconf 84' lang='lat' dir='ltr'>vide</span> <span class='ocrx_word' id='word_1_121' title='bbox 910 2442 939 2492; x_wconf 92' lang='lat' dir='ltr'>ni</span> <span class='ocrx_word' id='word_1_122' title='bbox 957 2453 1066 2492; x_wconf 78' lang='lat' dir='ltr'>veteres.</span> <span class='ocrx_word' id='word_1_123' title='bbox 1084 2438 1125 2490; x_wconf 77' lang='lat' dir='ltr'>Gi.</span> <span class='ocrx_word' id='word_1_124' title='bbox 1138 2438 1223 2490; x_wconf 76' lang='lat' dir='ltr'>Tacit.</span> <span class='ocrx_word' id='word_1_125' title='bbox 1238 2436 1362 2488; x_wconf 78' lang='lat' dir='ltr'>German.</span> <span class='ocrx_word' id='word_1_126' title='bbox 1380 2435 1415 2500; x_wconf 78' lang='lat'>8,</span> 
     </span>
     <span class='ocr_line' id='line_1_18' title="bbox 365 2511 1083 2590; baseline 0.006 -26"><span class='ocrx_word' id='word_1_127' title='bbox 365 2511 399 2564; x_wconf 78' lang='lat' dir='ltr'>ad</span> <span class='ocrx_word' id='word_1_128' title='bbox 414 2511 477 2565; x_wconf 81' lang='lat' dir='ltr'>Caes.</span> <span class='ocrx_word' id='word_1_129' title='bbox 493 2533 553 2585; x_wconf 82' lang='lat' dir='ltr'>cup.</span> <span class='ocrx_word' id='word_1_130' title='bbox 570 2517 613 2570; x_wconf 82' lang='lat'>80.</span> <span class='ocrx_word' id='word_1_131' title='bbox 911 2517 958 2572; x_wconf 86' lang='lat' dir='ltr'>ubi</span> <span class='ocrx_word' id='word_1_132' title='bbox 972 2520 1083 2590; x_wconf 72' lang='lat' dir='ltr'>interpr,</span> 
     </span>
    </p>

    <p class='ocr_par' dir='ltr' id='par_1_5' title="bbox 364 2592 1416 2826">
     <span class='ocr_line' id='line_1_19' title="bbox 401 2592 1415 2668; baseline 0.003 -25"><span class='ocrx_word' id='word_1_133' title='bbox 401 2611 426 2664; x_wconf 80' lang='lat'>7.</span> <span class='ocrx_word' id='word_1_134' title='bbox 445 2595 479 2644; x_wconf 87' lang='lat' dir='ltr'>In</span> <span class='ocrx_word' id='word_1_135' title='bbox 495 2607 578 2648; x_wconf 81' lang='lat' dir='ltr'>morte</span> <span class='ocrx_word' id='word_1_136' title='bbox 591 2600 687 2650; x_wconf 82' lang='lat' dir='ltr'>matris.</span> <span class='ocrx_word' id='word_1_137' title='bbox 702 2598 754 2650; x_wconf 83' lang='lat' dir='ltr'>Atii</span> <span class='ocrx_word' id='word_1_138' title='bbox 772 2601 866 2654; x_wconf 80' lang='lat' dir='ltr'>vitiose</span> <span class='ocrx_word' id='word_1_139' title='bbox 946 2615 972 2668; x_wconf 87' lang='lat'>9.</span> <span class='ocrx_word' id='word_1_140' title='bbox 990 2598 1049 2650; x_wconf 83' lang='lat' dir='ltr'>Alii</span> <span class='ocrx_word' id='word_1_141' title='bbox 1066 2595 1186 2660; x_wconf 81' lang='lat' dir='ltr'>trudunt,</span> <span class='ocrx_word' id='word_1_142' title='bbox 1203 2605 1256 2652; x_wconf 81' lang='lat' dir='ltr'>ete¹¹</span> <span class='ocrx_word' id='word_1_143' title='bbox 1270 2592 1415 2646; x_wconf 74' lang='lat' dir='ltr'>omisimus</span> 
     </span>
     <span class='ocr_line' id='line_1_20' title="bbox 364 2669 1416 2732; baseline 0.002 -11"><span class='ocrx_word' id='word_1_144' title='bbox 364 2671 393 2721; x_wconf 85' lang='lat' dir='ltr'>in</span> <span class='ocrx_word' id='word_1_145' title='bbox 407 2683 525 2725; x_wconf 85' lang='lat' dir='ltr'>mortem.</span> <span class='ocrx_word' id='word_1_146' title='bbox 540 2675 671 2728; x_wconf 79' lang='lat' dir='ltr'>Memorat</span> <span class='ocrx_word' id='word_1_147' title='bbox 683 2690 793 2730; x_wconf 85' lang='lat' dir='ltr'>mortem</span> <span class='ocrx_word' id='word_1_148' title='bbox 805 2679 866 2732; x_wconf 77' lang='lat' dir='ltr'>Sex·</span> <span class='ocrx_word' id='word_1_149' title='bbox 910 2678 947 2730; x_wconf 79' lang='lat' dir='ltr'>Et</span> <span class='ocrx_word' id='word_1_150' title='bbox 958 2691 1019 2730; x_wconf 85' lang='lat' dir='ltr'>ante</span> <span class='ocrx_word' id='word_1_151' title='bbox 1028 2676 1078 2730; x_wconf 75' lang='lat' dir='ltr'>atii</span> <span class='ocrx_word' id='word_1_152' title='bbox 1088 2694 1147 2728; x_wconf 88' lang='lat' dir='ltr'>cum</span> <span class='ocrx_word' id='word_1_153' title='bbox 1157 2676 1263 2732; x_wconf 50' lang='lat' dir='ltr'>Ernest·¹</span> <span class='ocrx_word' id='word_1_154' title='bbox 1273 2669 1416 2730; x_wconf 69' lang='lat' dir='ltr'>stomen-</span> 
     </span>
     <span class='ocr_line' id='line_1_21' title="bbox 365 2745 1018 2826; baseline 0.015 -28"><span class='ocrx_word' id='word_1_155' title='bbox 365 2745 426 2800; x_wconf 79' lang='lat' dir='ltr'>riliae</span> <span class='ocrx_word' id='word_1_156' title='bbox 440 2751 524 2802; x_wconf 79' lang='lat' dir='ltr'>Tacit.</span> <span class='ocrx_word' id='word_1_157' title='bbox 539 2753 637 2803; x_wconf 79' lang='lat' dir='ltr'>liistor.</span> <span class='ocrx_word' id='word_1_158' title='bbox 655 2755 703 2817; x_wconf 83' lang='grc' dir='ltr'>ΙΙΙ,</span> <span class='ocrx_word' id='word_1_159' title='bbox 722 2754 767 2822; x_wconf 78' lang='grc'>67,</span> <span class='ocrx_word' id='word_1_160' title='bbox 784 2756 865 2807; x_wconf 75' lang='lat' dir='ltr'>-ttrar</span> <span class='ocrx_word' id='word_1_161' title='bbox 912 2755 1018 2826; x_wconf 87' lang='lat' dir='ltr'>dorpio.</span> 
     </span>
    </p>

    <p class='ocr_par' dir='ltr' id='par_1_6' title="bbox 363 2826 1417 3302">
     <span class='ocr_line' id='line_1_22' title="bbox 364 2826 1416 2904; baseline 0.006 -26"><span class='ocrx_word' id='word_1_162' title='bbox 364 2826 401 2878; x_wconf 85' lang='lat' dir='ltr'>iili</span> <span class='ocrx_word' id='word_1_163' title='bbox 413 2841 438 2880; x_wconf 87' lang='lat' dir='ltr'>et</span> <span class='ocrx_word' id='word_1_164' title='bbox 454 2829 522 2880; x_wconf 83' lang='lat' dir='ltr'>fessa</span> <span class='ocrx_word' id='word_1_165' title='bbox 536 2843 611 2881; x_wconf 80' lang='lat' dir='ltr'>oetute</span> <span class='ocrx_word' id='word_1_166' title='bbox 627 2850 738 2901; x_wconf 80' lang='lat' dir='ltr'>parens,</span> <span class='ocrx_word' id='word_1_167' title='bbox 753 2851 811 2904; x_wconf 72' lang='lat' dir='ltr'>qum</span> <span class='ocrx_word' id='word_1_168' title='bbox 824 2848 866 2886; x_wconf 81' lang='lat' dir='ltr'>ts·</span> <span class='ocrx_word' id='word_1_169' title='bbox 945 2835 1002 2884; x_wconf 87' lang='lat' dir='ltr'>XV.</span> <span class='ocrx_word' id='word_1_170' title='bbox 1019 2849 1040 2886; x_wconf 83' lang='lat' dir='ltr'>t.</span> <span class='ocrx_word' id='word_1_171' title='bbox 1061 2833 1229 2886; x_wconf 66' lang='lat' dir='ltr'>”sciverunt</span> <span class='ocrx_word' id='word_1_172' title='bbox 1239 2830 1271 2881; x_wconf 81' lang='lat' dir='ltr'>ab</span> <span class='ocrx_word' id='word_1_173' title='bbox 1281 2848 1312 2882; x_wconf 76' lang='lat' dir='ltr'>eo</span> <span class='ocrx_word' id='word_1_174' title='bbox 1322 2827 1416 2885; x_wconf 64' lang='lat' dir='ltr'>ami·</span> 
     </span>
     <span class='ocr_line' id='line_1_23' title="bbox 365 2909 1415 2983; baseline 0.006 -27"><span class='ocrx_word' id='word_1_175' title='bbox 365 2925 443 2973; x_wconf 86' lang='lat' dir='ltr'>men,</span> <span class='ocrx_word' id='word_1_176' title='bbox 458 2909 551 2978; x_wconf 86' lang='lat' dir='ltr'>puucis</span> <span class='ocrx_word' id='word_1_177' title='bbox 570 2923 631 2960; x_wconf 83' lang='lat' dir='ltr'>ante</span> <span class='ocrx_word' id='word_1_178' title='bbox 648 2909 759 2975; x_wconf 87' lang='lat' dir='ltr'>diebus,</span> <span class='ocrx_word' id='word_1_179' title='bbox 773 2931 866 2983; x_wconf 79' lang='lat' dir='ltr'>oppor-</span> <span class='ocrx_word' id='word_1_180' title='bbox 911 2923 979 2966; x_wconf 84' lang='lat' dir='ltr'>tus...</span> <span class='ocrx_word' id='word_1_181' title='bbox 992 2911 1158 2983; x_wconf 74' lang='lat' dir='ltr'>etSyriaeus.</span> <span class='ocrx_word' id='word_1_182' title='bbox 1169 2909 1235 2962; x_wconf 79' lang='lat' dir='ltr'>vtde</span> <span class='ocrx_word' id='word_1_183' title='bbox 1246 2911 1332 2963; x_wconf 80' lang='lat' dir='ltr'>Tacit.</span> <span class='ocrx_word' id='word_1_184' title='bbox 1348 2909 1415 2962; x_wconf 72' lang='lat' dir='ltr'>uim</span> 
     </span>
     <span class='ocr_line' id='line_1_24' title="bbox 365 2989 1416 3064; baseline 0.005 -28"><span class='ocrx_word' id='word_1_185' title='bbox 365 2998 429 3038; x_wconf 83' lang='lat' dir='ltr'>turta</span> <span class='ocrx_word' id='word_1_186' title='bbox 445 2999 527 3041; x_wconf 86' lang='lat' dir='ltr'>morte</span> <span class='ocrx_word' id='word_1_187' title='bbox 544 2989 672 3042; x_wconf 81' lang='lat' dir='ltr'>excidium</span> <span class='ocrx_word' id='word_1_188' title='bbox 690 2992 785 3044; x_wconf 85' lang='lat' dir='ltr'>domus</span> <span class='ocrx_word' id='word_1_189' title='bbox 802 3013 867 3064; x_wconf 76' lang='lat' dir='ltr'>prse-</span> <span class='ocrx_word' id='word_1_190' title='bbox 909 2995 947 3060; x_wconf 83' lang='grc' dir='ltr'>ΙΙ,</span> <span class='ocrx_word' id='word_1_191' title='bbox 962 2993 995 3063; x_wconf 83' lang='lat'>73</span> <span class='ocrx_word' id='word_1_192' title='bbox 1007 3010 1063 3062; x_wconf 85' lang='lat' dir='ltr'>seq.</span> <span class='ocrx_word' id='word_1_193' title='bbox 1076 2991 1111 3044; x_wconf 90' lang='lat' dir='ltr'>de</span> <span class='ocrx_word' id='word_1_194' title='bbox 1124 2990 1238 3043; x_wconf 81' lang='lat' dir='ltr'>Juduicu</span> <span class='ocrx_word' id='word_1_195' title='bbox 1253 3004 1279 3042; x_wconf 90' lang='lat' dir='ltr'>et</span> <span class='ocrx_word' id='word_1_196' title='bbox 1293 2990 1416 3061; x_wconf 66' lang='lat' dir='ltr'>Syriam</span> 
     </span>
     <span class='ocr_line' id='line_1_25' title="bbox 363 3067 1417 3142; baseline 0.006 -26"><span class='ocrx_word' id='word_1_197' title='bbox 363 3067 449 3133; x_wconf 75' lang='lat' dir='ltr'>venit,</span> <span class='ocrx_word' id='word_1_198' title='bbox 464 3067 528 3120; x_wconf 84' lang='lat' dir='ltr'>nihil</span> <span class='ocrx_word' id='word_1_199' title='bbox 539 3069 692 3140; x_wconf 80' lang='lat' dir='ltr'>principatu</span> <span class='ocrx_word' id='word_1_200' title='bbox 703 3070 748 3122; x_wconf 86' lang='lat' dir='ltr'>filii</span> <span class='ocrx_word' id='word_1_201' title='bbox 761 3089 866 3125; x_wconf 82' lang='lat' dir='ltr'>assecu·</span> <span class='ocrx_word' id='word_1_202' title='bbox 911 3091 971 3142; x_wconf 76' lang='lat' dir='ltr'><strong>cap.</strong></span> <span class='ocrx_word' id='word_1_203' title='bbox 994 3072 1027 3126; x_wconf 84' lang='lat'>85</span> <span class='ocrx_word' id='word_1_204' title='bbox 1047 3089 1104 3142; x_wconf 86' lang='lat' dir='ltr'>seq.</span> <span class='ocrx_word' id='word_1_205' title='bbox 1123 3071 1157 3124; x_wconf 88' lang='lat' dir='ltr'>de</span> <span class='ocrx_word' id='word_1_206' title='bbox 1175 3071 1298 3142; x_wconf 71' lang='lat' dir='ltr'>Illyrico,</span> <span class='ocrx_word' id='word_1_207' title='bbox 1317 3071 1417 3122; x_wconf 69' lang='lat' dir='ltr'>Mmsioe</span> 
     </span>
     <span class='ocr_line' id='line_1_26' title="bbox 364 3147 1415 3223; baseline 0.009 -26"><span class='ocrx_word' id='word_1_208' title='bbox 364 3159 406 3212; x_wconf 82' lang='lat' dir='ltr'>ta,</span> <span class='ocrx_word' id='word_1_209' title='bbox 418 3150 468 3200; x_wconf 81' lang='lat' dir='ltr'>nisi</span> <span class='ocrx_word' id='word_1_210' title='bbox 480 3148 579 3200; x_wconf 87' lang='lat' dir='ltr'>luctum</span> <span class='ocrx_word' id='word_1_211' title='bbox 590 3163 616 3200; x_wconf 90' lang='lat' dir='ltr'>et</span> <span class='ocrx_word' id='word_1_212' title='bbox 625 3149 723 3201; x_wconf 82' lang='lat' dir='ltr'>bonam</span> <span class='ocrx_word' id='word_1_213' title='bbox 736 3151 863 3206; x_wconf 69' lang='lat' dir='ltr'>famant.-</span> <span class='ocrx_word' id='word_1_214' title='bbox 911 3151 1027 3223; x_wconf 82' lang='lat' dir='ltr'>denique</span> <span class='ocrx_word' id='word_1_215' title='bbox 1044 3166 1069 3204; x_wconf 86' lang='lat' dir='ltr'>et</span> <span class='ocrx_word' id='word_1_216' title='bbox 1086 3151 1228 3204; x_wconf 65' lang='lat' dir='ltr'>Pannoniae</span> <span class='ocrx_word' id='word_1_217' title='bbox 1246 3147 1415 3206; x_wconf 61' lang='lat' dir='ltr'>merentibus·</span> 
     </span>
     <span class='ocr_line' id='line_1_27' title="bbox 365 3227 1113 3302; baseline 0.008 -26"><span class='ocrx_word' id='word_1_218' title='bbox 365 3227 462 3295; x_wconf 80' lang='lat' dir='ltr'>Smpius</span> <span class='ocrx_word' id='word_1_219' title='bbox 477 3227 583 3294; x_wconf 84' lang='lat' dir='ltr'>monui,</span> <span class='ocrx_word' id='word_1_220' title='bbox 596 3228 732 3292; x_wconf 81' lang='lat' dir='ltr'>Tacitum,</span> <span class='ocrx_word' id='word_1_221' title='bbox 747 3242 778 3280; x_wconf 89' lang='lat' dir='ltr'>ut</span> <span class='ocrx_word' id='word_1_222' title='bbox 791 3247 867 3282; x_wconf 80' lang='lat' dir='ltr'>accu-</span> <span class='ocrx_word' id='word_1_223' title='bbox 910 3233 951 3286; x_wconf 84' lang='lat' dir='ltr'>cf.</span> <span class='ocrx_word' id='word_1_224' title='bbox 963 3236 1074 3302; x_wconf 80' lang='lat' dir='ltr'>Vespas.</span> <span class='ocrx_word' id='word_1_225' title='bbox 1087 3231 1113 3282; x_wconf 89' lang='lat'>6.</span> 
     </span>
    </p>

    <p class='ocr_par' dir='ltr' id='par_1_7' title="bbox 292 3304 1420 4172">
     <span class='ocr_line' id='line_1_28' title="bbox 365 3304 1416 3382; baseline 0.006 -26"><span class='ocrx_word' id='word_1_226' title='bbox 365 3317 452 3356; x_wconf 81' lang='lat' dir='ltr'>ratum</span> <span class='ocrx_word' id='word_1_227' title='bbox 471 3304 643 3372; x_wconf 80' lang='lat' dir='ltr'>historicum,</span> <span class='ocrx_word' id='word_1_228' title='bbox 663 3305 728 3358; x_wconf 87' lang='lat' dir='ltr'>nihil</span> <span class='ocrx_word' id='word_1_229' title='bbox 747 3327 865 3379; x_wconf 85' lang='lat' dir='ltr'>unquam</span> <span class='ocrx_word' id='word_1_230' title='bbox 947 3329 971 3364; x_wconf 81' lang='lat'>2.</span> <span class='ocrx_word' id='word_1_231' title='bbox 991 3309 1121 3364; x_wconf 75' lang='lat' dir='ltr'>Dilectum</span> <span class='ocrx_word' id='word_1_232' title='bbox 1135 3327 1252 3382; x_wconf 80' lang='lat' dir='ltr'>quoque,</span> <span class='ocrx_word' id='word_1_233' title='bbox 1267 3323 1317 3362; x_wconf 80' lang='lat' dir='ltr'>ete.</span> <span class='ocrx_word' id='word_1_234' title='bbox 1330 3310 1416 3362; x_wconf 75' lang='lat' dir='ltr'>Tacit</span> 
     </span>
     <span class='ocr_line' id='line_1_29' title="bbox 363 3383 1418 3457; baseline 0.008 -23"><span class='ocrx_word' id='word_1_235' title='bbox 363 3383 434 3454; x_wconf 66' lang='lat' dir='ltr'>urrlgi</span> <span class='ocrx_word' id='word_1_236' title='bbox 443 3384 506 3435; x_wconf 83' lang='lat' dir='ltr'>dure</span> <span class='ocrx_word' id='word_1_237' title='bbox 513 3385 676 3452; x_wconf 83' lang='lat' dir='ltr'>rumoribus,</span> <span class='ocrx_word' id='word_1_238' title='bbox 686 3389 866 3442; x_wconf 84' lang='lat' dir='ltr'>incertissimis</span> <span class='ocrx_word' id='word_1_239' title='bbox 911 3393 976 3444; x_wconf 82' lang='lat' dir='ltr'>iiist.</span> <span class='ocrx_word' id='word_1_240' title='bbox 992 3393 1040 3457; x_wconf 82' lang='grc' dir='ltr'>ΙΙΙ,</span> <span class='ocrx_word' id='word_1_241' title='bbox 1057 3391 1105 3444; x_wconf 79' lang='lat'>58:</span> <span class='ocrx_word' id='word_1_242' title='bbox 1127 3387 1325 3442; x_wconf 66' lang='lat' dir='ltr'>«fluitantibus</span> <span class='ocrx_word' id='word_1_243' title='bbox 1338 3386 1418 3440; x_wconf 78' lang='lat' dir='ltr'>iiber·</span> 
     </span>
     <span class='ocr_line' id='line_1_30' title="bbox 365 3461 1417 3539; baseline 0.004 -25"><span class='ocrx_word' id='word_1_244' title='bbox 365 3474 392 3514; x_wconf 86' lang='lat' dir='ltr'>et</span> <span class='ocrx_word' id='word_1_245' title='bbox 405 3475 493 3514; x_wconf 81' lang='lat' dir='ltr'>tumen</span> <span class='ocrx_word' id='word_1_246' title='bbox 505 3461 669 3515; x_wconf 86' lang='lat' dir='ltr'>creberrimis</span> <span class='ocrx_word' id='word_1_247' title='bbox 681 3463 714 3516; x_wconf 85' lang='lat' dir='ltr'>de</span> <span class='ocrx_word' id='word_1_248' title='bbox 726 3464 867 3518; x_wconf 78' lang='lat' dir='ltr'>illustrium</span> <span class='ocrx_word' id='word_1_249' title='bbox 912 3472 944 3522; x_wconf 81' lang='lat' dir='ltr'>tis</span> <span class='ocrx_word' id='word_1_250' title='bbox 964 3468 1042 3538; x_wconf 88' lang='lat' dir='ltr'>(num</span> <span class='ocrx_word' id='word_1_251' title='bbox 1067 3472 1213 3521; x_wconf 78' lang='lat' dir='ltr'>amicorum</span> <span class='ocrx_word' id='word_1_252' title='bbox 1235 3471 1293 3538; x_wconf 80' lang='lat' dir='ltr'>ejus</span> <span class='ocrx_word' id='word_1_253' title='bbox 1313 3479 1417 3539; x_wconf 73' lang='lat' dir='ltr'>quanto</span> 
     </span>
     <span class='ocr_line' id='line_1_31' title="bbox 364 3537 1418 3620; baseline 0.008 -30"><span class='ocrx_word' id='word_1_254' title='bbox 364 3537 502 3590; x_wconf 86' lang='lat' dir='ltr'>lrorrrinum</span> <span class='ocrx_word' id='word_1_255' title='bbox 521 3553 621 3605; x_wconf 80' lang='lat' dir='ltr'>morte,</span> <span class='ocrx_word' id='word_1_256' title='bbox 643 3543 751 3614; x_wconf 82' lang='lat' dir='ltr'>ejusque</span> <span class='ocrx_word' id='word_1_257' title='bbox 771 3545 865 3596; x_wconf 80' lang='lat' dir='ltr'>causis.</span> <span class='ocrx_word' id='word_1_258' title='bbox 912 3549 971 3620; x_wconf 83' lang='lat' dir='ltr'>quis</span> <span class='ocrx_word' id='word_1_259' title='bbox 984 3548 1091 3613; x_wconf 78' lang='lat' dir='ltr'>clarior,</span> <span class='ocrx_word' id='word_1_260' title='bbox 1109 3550 1197 3600; x_wconf 86' lang='lat' dir='ltr'>minus</span> <span class='ocrx_word' id='word_1_261' title='bbox 1214 3545 1314 3614; x_wconf 78' lang='lat' dir='ltr'>fidus),</span> <span class='ocrx_word' id='word_1_262' title='bbox 1327 3546 1418 3600; x_wconf 75' lang='lat' dir='ltr'>vocari</span> 
     </span>
     <span class='ocr_line' id='line_1_32' title="bbox 292 3616 1418 3697; baseline 0.012 -33"><span class='ocrx_word' id='word_1_263' title='bbox 292 3677 297 3687; x_wconf 18' lang='grc' dir='ltr'><strong><em>κ</em></strong></span> <span class='ocrx_word' id='word_1_264' title='bbox 364 3616 428 3666; x_wconf 86' lang='lat' dir='ltr'>Mox</span> <span class='ocrx_word' id='word_1_265' title='bbox 444 3619 470 3668; x_wconf 91' lang='lat' dir='ltr'>in</span> <span class='ocrx_word' id='word_1_266' title='bbox 490 3616 605 3671; x_wconf 82' lang='lat' dir='ltr'>editione</span> <span class='ocrx_word' id='word_1_267' title='bbox 621 3619 711 3670; x_wconf 83' lang='lat' dir='ltr'>wotfii</span> <span class='ocrx_word' id='word_1_268' title='bbox 728 3639 776 3690; x_wconf 89' lang='lat' dir='ltr'>per</span> <span class='ocrx_word' id='word_1_269' title='bbox 791 3635 866 3694; x_wconf 73' lang='lat' dir='ltr'>typo·</span> <span class='ocrx_word' id='word_1_270' title='bbox 912 3626 995 3693; x_wconf 77' lang='lat' dir='ltr'>tribus</span> <span class='ocrx_word' id='word_1_271' title='bbox 1004 3626 1088 3697; x_wconf 86' lang='lat' dir='ltr'>jubet.</span> <span class='ocrx_word' id='word_1_272' title='bbox 1100 3627 1198 3680; x_wconf 84' lang='lat' dir='ltr'>Duutes</span> <span class='ocrx_word' id='word_1_273' title='bbox 1209 3629 1319 3679; x_wconf 79' lang='lat' dir='ltr'>nuntius</span> <span class='ocrx_word' id='word_1_274' title='bbox 1330 3645 1418 3680; x_wconf 76' lang='lat' dir='ltr'>suere·</span> 
     </span>
     <span class='ocr_line' id='line_1_33' title="bbox 367 3695 1417 3776; baseline 0.006 -25"><span class='ocrx_word' id='word_1_275' title='bbox 367 3695 444 3747; x_wconf 75' lang='lat' dir='ltr'>thetoe</span> <span class='ocrx_word' id='word_1_276' title='bbox 458 3714 573 3748; x_wconf 64' lang='lat' dir='ltr'>errorem</span> <span class='ocrx_word' id='word_1_277' title='bbox 591 3714 657 3770; x_wconf 70' lang='lat' dir='ltr'>wqw</span> <span class='ocrx_word' id='word_1_278' title='bbox 674 3717 723 3769; x_wconf 79' lang='lat' dir='ltr'>pto</span> <span class='ocrx_word' id='word_1_279' title='bbox 740 3717 813 3772; x_wconf 74' lang='lat' dir='ltr'>aeqroe</span> <span class='ocrx_word' id='word_1_280' title='bbox 830 3699 867 3754; x_wconf 80' lang='lat' dir='ltr'>le-</span> <span class='ocrx_word' id='word_1_281' title='bbox 912 3719 1002 3766; x_wconf 80' lang='lat' dir='ltr'>mento</span> <span class='ocrx_word' id='word_1_282' title='bbox 1018 3705 1114 3776; x_wconf 75' lang='lat' dir='ltr'>adigit:</span> <span class='ocrx_word' id='word_1_283' title='bbox 1131 3705 1311 3774; x_wconf 78' lang='lat' dir='ltr'>superfluente</span> <span class='ocrx_word' id='word_1_284' title='bbox 1326 3704 1417 3758; x_wconf 84' lang='lat' dir='ltr'>multi·</span> 
     </span>
     <span class='ocr_line' id='line_1_34' title="bbox 365 3777 1419 3850; baseline 0.011 -25"><span class='ocrx_word' id='word_1_285' title='bbox 365 3778 445 3844; x_wconf 64' lang='lat' dir='ltr'>gitur,</span> <span class='ocrx_word' id='word_1_286' title='bbox 459 3777 508 3828; x_wconf 84' lang='lat' dir='ltr'>nisi</span> <span class='ocrx_word' id='word_1_287' title='bbox 522 3795 583 3828; x_wconf 82' lang='lat' dir='ltr'>rere</span> <span class='ocrx_word' id='word_1_288' title='bbox 598 3791 703 3830; x_wconf 81' lang='lat' dir='ltr'>secutus</span> <span class='ocrx_word' id='word_1_289' title='bbox 719 3792 758 3832; x_wconf 87' lang='lat' dir='ltr'>est</span> <span class='ocrx_word' id='word_1_290' title='bbox 772 3779 866 3835; x_wconf 84' lang='lat' dir='ltr'>doctus</span> <span class='ocrx_word' id='word_1_291' title='bbox 913 3785 1017 3850; x_wconf 83' lang='lat' dir='ltr'>tudine,</span> <span class='ocrx_word' id='word_1_292' title='bbox 1028 3803 1116 3838; x_wconf 76' lang='lat' dir='ltr'>eurem</span> <span class='ocrx_word' id='word_1_293' title='bbox 1128 3783 1242 3839; x_wconf 79' lang='lat' dir='ltr'>dilectus</span> <span class='ocrx_word' id='word_1_294' title='bbox 1251 3787 1278 3836; x_wconf 89' lang='lat' dir='ltr'>in</span> <span class='ocrx_word' id='word_1_295' title='bbox 1288 3785 1419 3840; x_wconf 80' lang='lat' dir='ltr'>Consules</span> 
     </span>
     <span class='ocr_line' id='line_1_35' title="bbox 366 3854 1420 3936; baseline 0.008 -28"><span class='ocrx_word' id='word_1_296' title='bbox 366 3854 452 3908; x_wconf 81' lang='lat' dir='ltr'>editor</span> <span class='ocrx_word' id='word_1_297' title='bbox 463 3855 591 3927; x_wconf 80' lang='lat' dir='ltr'>quosdam</span> <span class='ocrx_word' id='word_1_298' title='bbox 602 3855 726 3921; x_wconf 73' lang='lat' dir='ltr'>Codices,</span> <span class='ocrx_word' id='word_1_299' title='bbox 741 3862 785 3929; x_wconf 83' lang='lat' dir='ltr'>qui</span> <span class='ocrx_word' id='word_1_300' title='bbox 797 3861 866 3913; x_wconf 87' lang='lat' dir='ltr'>idem</span> <span class='ocrx_word' id='word_1_301' title='bbox 912 3867 1034 3936; x_wconf 85' lang='lat' dir='ltr'>partitur.</span> <span class='ocrx_word' id='word_1_302' title='bbox 1061 3867 1199 3918; x_wconf 71' lang='lat' dir='ltr'>Servorum</span> <span class='ocrx_word' id='word_1_303' title='bbox 1226 3883 1368 3918; x_wconf 85' lang='lat' dir='ltr'>numerum</span> <span class='ocrx_word' id='word_1_304' title='bbox 1393 3877 1420 3916; x_wconf 83' lang='lat' dir='ltr'>et</span> 
     </span>
     <span class='ocr_line' id='line_1_36' title="bbox 364 3933 1417 4017; baseline 0.009 -30"><span class='ocrx_word' id='word_1_305' title='bbox 364 3933 636 4005; x_wconf 76' lang='lat' dir='ltr'>exhibentserip&#39;turae</span> <span class='ocrx_word' id='word_1_306' title='bbox 646 3936 815 4006; x_wconf 83' lang='lat' dir='ltr'>compendio.</span> <span class='ocrx_word' id='word_1_307' title='bbox 827 3941 867 3990; x_wconf 85' lang='lat' dir='ltr'>lta</span> <span class='ocrx_word' id='word_1_308' title='bbox 912 3943 1019 4017; x_wconf 84' lang='lat' dir='ltr'>pondus</span> <span class='ocrx_word' id='word_1_309' title='bbox 1036 3945 1139 4016; x_wconf 70' lang='lat' dir='ltr'>argenti</span> <span class='ocrx_word' id='word_1_310' title='bbox 1155 3943 1330 3997; x_wconf 71' lang='lat' dir='ltr'>senatoribus</span> <span class='ocrx_word' id='word_1_311' title='bbox 1347 3942 1417 3996; x_wconf 85' lang='lat' dir='ltr'>indi·</span> 
     </span>
     <span class='ocr_line' id='line_1_37' title="bbox 365 4013 1418 4096; baseline 0.009 -30"><span class='ocrx_word' id='word_1_312' title='bbox 365 4013 591 4069; x_wconf 82' lang='lat' dir='ltr'>vitiose-nonnulii</span> <span class='ocrx_word' id='word_1_313' title='bbox 602 4016 665 4070; x_wconf 64' lang='lat' dir='ltr'>ces</span> <span class='ocrx_word' id='word_1_314' title='bbox 677 4035 736 4088; x_wconf 82' lang='lat' dir='ltr'>esp.</span> <span class='ocrx_word' id='word_1_315' title='bbox 747 4017 793 4087; x_wconf 72' lang='lat'>74,</span> <span class='ocrx_word' id='word_1_316' title='bbox 802 4038 868 4092; x_wconf 73' lang='lat' dir='ltr'>oeqre</span> <span class='ocrx_word' id='word_1_317' title='bbox 912 4025 956 4075; x_wconf 84' lang='lat' dir='ltr'>cir.</span> <span class='ocrx_word' id='word_1_318' title='bbox 968 4047 979 4068; x_wconf 76' lang='grc' dir='ltr'><strong>ι</strong></span> <span class='ocrx_word' id='word_1_319' title='bbox 991 4021 1078 4074; x_wconf 77' lang='lat' dir='ltr'>Verba</span> <span class='ocrx_word' id='word_1_320' title='bbox 1083 4026 1213 4096; x_wconf 68' lang='lat' dir='ltr'>justeque</span> <span class='ocrx_word' id='word_1_321' title='bbox 1224 4022 1328 4078; x_wconf 83' lang='lat' dir='ltr'>miiitioe</span> <span class='ocrx_word' id='word_1_322' title='bbox 1339 4025 1418 4076; x_wconf 81' lang='lat' dir='ltr'>inter·</span> 
     </span>
     <span class='ocr_line' id='line_1_38' title="bbox 366 4098 1420 4172; baseline 0.005 -26"><span class='ocrx_word' id='word_1_323' title='bbox 366 4110 503 4165; x_wconf 67' lang='lat' dir='ltr'>pruoeyer.</span> <span class='ocrx_word' id='word_1_324' title='bbox 539 4107 542 4116; x_wconf 81' lang='grc'><em>’</em></span> <span class='ocrx_word' id='word_1_325' title='bbox 912 4102 1067 4172; x_wconf 79' lang='lat' dir='ltr'>pretationis</span> <span class='ocrx_word' id='word_1_326' title='bbox 1081 4101 1142 4154; x_wconf 83' lang='lat' dir='ltr'>loco</span> <span class='ocrx_word' id='word_1_327' title='bbox 1157 4098 1380 4168; x_wconf 76' lang='lat' dir='ltr'>additlitsuetor,</span> <span class='ocrx_word' id='word_1_328' title='bbox 1393 4112 1420 4152; x_wconf 89' lang='lat' dir='ltr'>et</span> 
     </span>
    </p>

    <p class='ocr_par' dir='ltr' id='par_1_8' title="bbox 366 4171 1421 4330">
     <span class='ocr_line' id='line_1_39' title="bbox 402 4171 1421 4243; baseline 0.007 -20"><span class='ocrx_word' id='word_1_329' title='bbox 402 4173 426 4226; x_wconf 84' lang='lat'>8.</span> <span class='ocrx_word' id='word_1_330' title='bbox 439 4176 514 4228; x_wconf 78' lang='lat' dir='ltr'>Gutta</span> <span class='ocrx_word' id='word_1_331' title='bbox 523 4171 631 4225; x_wconf 82' lang='lat' dir='ltr'>muliere</span> <span class='ocrx_word' id='word_1_332' title='bbox 636 4171 682 4234; x_wconf 87' lang='lat' dir='ltr'><strong>,·h.</strong></span> <span class='ocrx_word' id='word_1_333' title='bbox 694 4192 716 4225; x_wconf 88' lang='lat' dir='ltr'>e.</span> <span class='ocrx_word' id='word_1_334' title='bbox 728 4172 762 4227; x_wconf 85' lang='lat' dir='ltr'>de</span> <span class='ocrx_word' id='word_1_335' title='bbox 772 4172 869 4243; x_wconf 77' lang='lat' dir='ltr'>Cattis,</span> <span class='ocrx_word' id='word_1_336' title='bbox 913 4178 1421 4240; x_wconf 62' lang='lat' dir='ltr'>suntveteranenrmcommoderelcm·</span> 
     </span>
     <span class='ocr_line' id='line_1_40' title="bbox 366 4251 1421 4330; baseline 0.009 -24"><span class='ocrx_word' id='word_1_337' title='bbox 366 4251 559 4308; x_wconf 77' lang='lat' dir='ltr'>Germanorum</span> <span class='ocrx_word' id='word_1_338' title='bbox 570 4255 684 4311; x_wconf 67' lang='lat' dir='ltr'>nunone-</span> <span class='ocrx_word' id='word_1_339' title='bbox 697 4254 789 4310; x_wconf 86' lang='lat' dir='ltr'>Gniere</span> <span class='ocrx_word' id='word_1_340' title='bbox 797 4259 868 4321; x_wconf 80' lang='lat' dir='ltr'>enim</span> <span class='ocrx_word' id='word_1_341' title='bbox 914 4259 992 4316; x_wconf 81' lang='lat' dir='ltr'>nruda</span> <span class='ocrx_word' id='word_1_342' title='bbox 1003 4259 1185 4328; x_wconf 67' lang='lat' dir='ltr'>emeritorum,</span> <span class='ocrx_word' id='word_1_343' title='bbox 1198 4271 1228 4312; x_wconf 90' lang='lat' dir='ltr'>ut</span> <span class='ocrx_word' id='word_1_344' title='bbox 1240 4258 1355 4330; x_wconf 73' lang='lat' dir='ltr'>August·</span> <span class='ocrx_word' id='word_1_345' title='bbox 1371 4259 1421 4328; x_wconf 65' lang='lat' dir='ltr'>ti,</span> 
     </span>
    </p>
   </div>
   <div class='ocr_carea' id='block_1_4' title="bbox 0 0 1545 5144">
    <p class='ocr_par' dir='ltr' id='par_1_9' title="bbox 0 0 1545 5144">
     <span class='ocr_line' id='line_1_41' title="bbox 0 0 1545 5144; baseline 0 0"><span class='ocrx_word' id='word_1_346' title='bbox 0 0 1545 5144; x_wconf 95' lang='lat' dir='ltr'> </span> 
     </span>
    </p>
   </div>
  </div>
 </body>
</html>
