<?xml version="1.0" encoding="UTF-8"?>
<!DOCTYPE html PUBLIC "-//W3C//DTD XHTML 1.0 Transitional//EN"
    "http://www.w3.org/TR/xhtml1/DTD/xhtml1-transitional.dtd">
<html xmlns="http://www.w3.org/1999/xhtml" xml:lang="en" lang="en">
 <head>
  <title>
</title>
<meta http-equiv="Content-Type" content="text/html;charset=utf-8" />
  <meta name='ocr-system' content='tesseract 3.04.00' />
  <meta name='ocr-capabilities' content='ocr_page ocr_carea ocr_par ocr_line ocrx_word'/>
</head>
<body>
  <div class='ocr_page' id='page_1' title='image "./csuetoniitranqu00suetgoog_0510.png"; bbox 0 0 3076 5146; ppageno 0'>
   <div class='ocr_carea' id='block_1_1' title="bbox 777 553 1073 619">
    <p class='ocr_par' dir='ltr' id='par_1_1' title="bbox 777 553 1073 619">
     <span class='ocr_line' id='line_1_1' title="bbox 777 553 1073 619; baseline 0.003 -2"><span class='ocrx_word' id='word_1_1' title='bbox 777 555 813 617; x_wconf 91' lang='lat' dir='ltr'>C.</span> <span class='ocrx_word' id='word_1_2' title='bbox 839 553 1073 619; x_wconf 85' lang='lat' dir='ltr'>SUETONII</span> 
     </span>
    </p>
   </div>
   <div class='ocr_carea' id='block_1_2' title="bbox 690 809 1165 894">
    <p class='ocr_par' dir='ltr' id='par_1_2' title="bbox 690 809 1165 894">
     <span class='ocr_line' id='line_1_2' title="bbox 690 809 1165 894; baseline 0.011 -21"><span class='ocrx_word' id='word_1_3' title='bbox 690 810 776 875; x_wconf 84' lang='lat' dir='ltr'>Idem</span> <span class='ocrx_word' id='word_1_4' title='bbox 790 810 834 875; x_wconf 85' lang='lat' dir='ltr'>ud</span> <span class='ocrx_word' id='word_1_5' title='bbox 845 809 968 876; x_wconf 80' lang='lat' dir='ltr'>AEner&#39;d.</span> <span class='ocrx_word' id='word_1_6' title='bbox 987 811 1070 894; x_wconf 88' lang='lat' dir='ltr'><strong><em>XII,</em></strong></span> <span class='ocrx_word' id='word_1_7' title='bbox 1088 811 1165 880; x_wconf 84' lang='lat'>185.</span> 
     </span>
    </p>
   </div>
   <div class='ocr_carea' id='block_1_3' title="bbox 404 980 1423 1218">
    <p class='ocr_par' dir='ltr' id='par_1_3' title="bbox 404 980 1423 1218">
     <span class='ocr_line' id='line_1_3' title="bbox 449 980 1423 1106; baseline 0.003 -25"><span class='ocrx_word' id='word_1_8' title='bbox 449 1018 560 1082; x_wconf 90' lang='lat' dir='ltr'>Homo</span> <span class='ocrx_word' id='word_1_9' title='bbox 576 1012 698 1080; x_wconf 80' lang='lat' dir='ltr'>rebellis</span> <span class='ocrx_word' id='word_1_10' title='bbox 709 1009 850 1080; x_wconf 89' lang='lat' dir='ltr'>dicitur:</span> <span class='ocrx_word' id='word_1_11' title='bbox 866 1037 920 1081; x_wconf 86' lang='lat' dir='ltr'>ras</span> <span class='ocrx_word' id='word_1_12' title='bbox 937 1015 1011 1106; x_wconf 86' lang='lat' dir='ltr'>ipsa</span> <span class='ocrx_word' id='word_1_13' title='bbox 1028 1013 1172 1092; x_wconf 78' lang='lat' dir='ltr'>rebellio,</span> <span class='ocrx_word' id='word_1_14' title='bbox 1187 980 1258 1083; x_wconf 85' lang='lat' dir='ltr'>non</span> <span class='ocrx_word' id='word_1_15' title='bbox 1271 1019 1423 1086; x_wconf 76' lang='lat' dir='ltr'><em>rebellatio:</em></span> 
     </span>
     <span class='ocr_line' id='line_1_4' title="bbox 404 1123 1047 1218; baseline -0.003 -26"><span class='ocrx_word' id='word_1_16' title='bbox 404 1129 452 1192; x_wconf 88' lang='lat' dir='ltr'>sic</span> <span class='ocrx_word' id='word_1_17' title='bbox 465 1127 654 1193; x_wconf 83' lang='lat' dir='ltr'>Suetonius.</span> <span class='ocrx_word' id='word_1_18' title='bbox 669 1129 681 1210; x_wconf 94' lang='lat'>(</span> <span class='ocrx_word' id='word_1_19' title='bbox 690 1123 726 1188; x_wconf 94' lang='lat' dir='ltr'><em>V</em></span> <span class='ocrx_word' id='word_1_20' title='bbox 723 1125 766 1190; x_wconf 84' lang='lat' dir='ltr'>id.</span> <span class='ocrx_word' id='word_1_21' title='bbox 781 1125 883 1214; x_wconf 75' lang='lat' dir='ltr'>Caliq.</span> <span class='ocrx_word' id='word_1_22' title='bbox 898 1149 965 1218; x_wconf 82' lang='lat' dir='ltr'>cap.</span> <span class='ocrx_word' id='word_1_23' title='bbox 981 1125 1047 1212; x_wconf 80' lang='lat'>51).</span> 
     </span>
    </p>
   </div>
   <div class='ocr_carea' id='block_1_4' title="bbox 594 1339 1256 1460">
    <p class='ocr_par' dir='ltr' id='par_1_4' title="bbox 594 1339 1256 1460">
     <span class='ocr_line' id='line_1_5' title="bbox 594 1339 1256 1460; baseline 0.005 -32"><span class='ocrx_word' id='word_1_24' title='bbox 594 1364 750 1445; x_wconf 82' lang='lat' dir='ltr'><strong><em>Isidorus,</em></strong></span> <span class='ocrx_word' id='word_1_25' title='bbox 765 1339 935 1454; x_wconf 76' lang='lat' dir='ltr'>Oriqinurn</span> <span class='ocrx_word' id='word_1_26' title='bbox 949 1363 1004 1430; x_wconf 87' lang='lat' dir='ltr'>lib.</span> <span class='ocrx_word' id='word_1_27' title='bbox 1022 1366 1124 1446; x_wconf 87' lang='lat' dir='ltr'><em>VIII,</em></span> <span class='ocrx_word' id='word_1_28' title='bbox 1139 1389 1207 1460; x_wconf 85' lang='lat' dir='ltr'>cup.</span> <span class='ocrx_word' id='word_1_29' title='bbox 1226 1393 1256 1457; x_wconf 87' lang='lat'>7.</span> 
     </span>
    </p>
   </div>
   <div class='ocr_carea' id='block_1_5' title="bbox 404 1565 1521 2774">
    <p class='ocr_par' dir='ltr' id='par_1_5' title="bbox 404 1565 1521 2774">
     <span class='ocr_line' id='line_1_6' title="bbox 453 1565 1521 1667; baseline -0.006 -29"><span class='ocrx_word' id='word_1_30' title='bbox 453 1574 564 1667; x_wconf 67' lang='lat' dir='ltr'>Doetae</span> <span class='ocrx_word' id='word_1_31' title='bbox 579 1567 670 1635; x_wconf 88' lang='lat' dir='ltr'>unde</span> <span class='ocrx_word' id='word_1_32' title='bbox 684 1569 752 1634; x_wconf 82' lang='lat' dir='ltr'>sint</span> <span class='ocrx_word' id='word_1_33' title='bbox 767 1565 863 1646; x_wconf 85' lang='lat' dir='ltr'>dicti,</span> <span class='ocrx_word' id='word_1_34' title='bbox 878 1569 926 1634; x_wconf 89' lang='lat' dir='ltr'>sic</span> <span class='ocrx_word' id='word_1_35' title='bbox 939 1569 987 1634; x_wconf 87' lang='lat' dir='ltr'>ait</span> <span class='ocrx_word' id='word_1_36' title='bbox 998 1565 1239 1662; x_wconf 86' lang='lat' dir='ltr'>Tranquillus:</span> <span class='ocrx_word' id='word_1_37' title='bbox 1256 1572 1361 1655; x_wconf 91' lang='lat' dir='ltr'>Quum</span> <span class='ocrx_word' id='word_1_38' title='bbox 1372 1571 1427 1660; x_wconf 87' lang='lat' dir='ltr'>pri·</span> <span class='ocrx_word' id='word_1_39' title='bbox 1520 1627 1521 1632; x_wconf 75' lang='grc'>,</span> 
     </span>
     <span class='ocr_line' id='line_1_7' title="bbox 404 1676 1428 1749; baseline -0.003 0"><span class='ocrx_word' id='word_1_40' title='bbox 404 1705 501 1749; x_wconf 90' lang='lat' dir='ltr'>mum</span> <span class='ocrx_word' id='word_1_41' title='bbox 521 1679 674 1748; x_wconf 88' lang='lat' dir='ltr'>homines</span> <span class='ocrx_word' id='word_1_42' title='bbox 693 1694 795 1744; x_wconf 87' lang='lat' dir='ltr'>exuta</span> <span class='ocrx_word' id='word_1_43' title='bbox 815 1676 946 1744; x_wconf 85' lang='lat' dir='ltr'>feritate</span> <span class='ocrx_word' id='word_1_44' title='bbox 966 1680 1130 1746; x_wconf 86' lang='lat' dir='ltr'>rationem</span> <span class='ocrx_word' id='word_1_45' title='bbox 1148 1681 1226 1745; x_wconf 84' lang='lat' dir='ltr'>vitae</span> <span class='ocrx_word' id='word_1_46' title='bbox 1243 1677 1359 1746; x_wconf 84' lang='lat' dir='ltr'>habere</span> <span class='ocrx_word' id='word_1_47' title='bbox 1375 1701 1428 1746; x_wconf 88' lang='lat' dir='ltr'>ooe·</span> 
     </span>
     <span class='ocr_line' id='line_1_8' title="bbox 404 1782 1428 1884; baseline -0.006 -25"><span class='ocrx_word' id='word_1_48' title='bbox 404 1793 551 1884; x_wconf 87' lang='lat' dir='ltr'>pissent‚</span> <span class='ocrx_word' id='word_1_49' title='bbox 571 1813 674 1884; x_wconf 88' lang='lat' dir='ltr'>seque</span> <span class='ocrx_word' id='word_1_50' title='bbox 693 1811 732 1854; x_wconf 92' lang='lat' dir='ltr'>ac</span> <span class='ocrx_word' id='word_1_51' title='bbox 749 1793 838 1856; x_wconf 87' lang='lat' dir='ltr'>Deos</span> <span class='ocrx_word' id='word_1_52' title='bbox 853 1809 932 1853; x_wconf 87' lang='lat' dir='ltr'>suos</span> <span class='ocrx_word' id='word_1_53' title='bbox 946 1810 1064 1868; x_wconf 87' lang='lat' dir='ltr'>nosse,</span> <span class='ocrx_word' id='word_1_54' title='bbox 1078 1782 1207 1854; x_wconf 90' lang='lat' dir='ltr'>cultum</span> <span class='ocrx_word' id='word_1_55' title='bbox 1227 1786 1385 1856; x_wconf 90' lang='lat' dir='ltr'>modicum</span> <span class='ocrx_word' id='word_1_56' title='bbox 1396 1811 1428 1854; x_wconf 88' lang='lat' dir='ltr'>ac</span> 
     </span>
     <span class='ocr_line' id='line_1_9' title="bbox 405 1881 1521 1996; baseline -0.004 -25"><span class='ocrx_word' id='word_1_57' title='bbox 405 1926 596 1971; x_wconf 88' lang='lat' dir='ltr'>sermonem</span> <span class='ocrx_word' id='word_1_58' title='bbox 609 1903 837 1969; x_wconf 85' lang='lat' dir='ltr'>necessarium</span> <span class='ocrx_word' id='word_1_59' title='bbox 849 1901 1029 1967; x_wconf 90' lang='lat' dir='ltr'>commenti</span> <span class='ocrx_word' id='word_1_60' title='bbox 1041 1899 1311 1996; x_wconf 87' lang='lat' dir='ltr'>sibi,utriusque</span> <span class='ocrx_word' id='word_1_61' title='bbox 1320 1923 1429 1992; x_wconf 73' lang='lat' dir='ltr'>magor</span> <span class='ocrx_word' id='word_1_62' title='bbox 1520 1881 1521 1886; x_wconf 6' lang='grc' dir='ltr'>ἵ</span> 
     </span>
     <span class='ocr_line' id='line_1_10' title="bbox 406 1993 1521 2104; baseline -0.004 -22"><span class='ocrx_word' id='word_1_63' title='bbox 406 2014 573 2082; x_wconf 87' lang='lat' dir='ltr'>licentiam</span> <span class='ocrx_word' id='word_1_64' title='bbox 588 2009 631 2080; x_wconf 87' lang='lat' dir='ltr'>ad</span> <span class='ocrx_word' id='word_1_65' title='bbox 647 2009 845 2104; x_wconf 73' lang='lat' dir='ltr'>religionem</span> <span class='ocrx_word' id='word_1_66' title='bbox 856 2014 1004 2082; x_wconf 86' lang='lat' dir='ltr'>Deorum</span> <span class='ocrx_word' id='word_1_67' title='bbox 1016 2033 1156 2078; x_wconf 87' lang='lat' dir='ltr'>suorum</span> <span class='ocrx_word' id='word_1_68' title='bbox 1168 2013 1428 2103; x_wconf 75' lang='lat' dir='ltr'>excogitaverunt</span> <span class='ocrx_word' id='word_1_69' title='bbox 1520 1993 1521 2076; x_wconf 84' lang='lat' dir='ltr'>l</span> 
     </span>
     <span class='ocr_line' id='line_1_11' title="bbox 405 2101 1521 2219; baseline -0.006 -25"><span class='ocrx_word' id='word_1_70' title='bbox 405 2128 512 2219; x_wconf 76' lang='lat' dir='ltr'>Igitur</span> <span class='ocrx_word' id='word_1_71' title='bbox 526 2141 566 2193; x_wconf 86' lang='lat' dir='ltr'>ut</span> <span class='ocrx_word' id='word_1_72' title='bbox 582 2122 710 2217; x_wconf 88' lang='lat' dir='ltr'>templa</span> <span class='ocrx_word' id='word_1_73' title='bbox 727 2122 793 2190; x_wconf 92' lang='lat' dir='ltr'>illis</span> <span class='ocrx_word' id='word_1_74' title='bbox 814 2120 969 2192; x_wconf 87' lang='lat' dir='ltr'>domibus</span> <span class='ocrx_word' id='word_1_75' title='bbox 987 2120 1198 2215; x_wconf 88' lang='lat' dir='ltr'>pulchriora,</span> <span class='ocrx_word' id='word_1_76' title='bbox 1218 2139 1252 2190; x_wconf 89' lang='lat' dir='ltr'>et</span> <span class='ocrx_word' id='word_1_77' title='bbox 1271 2120 1428 2191; x_wconf 85' lang='lat' dir='ltr'>simulacra</span> <span class='ocrx_word' id='word_1_78' title='bbox 1520 2101 1521 2120; x_wconf 13' lang='grc' dir='ltr'><strong>Χ</strong></span> 
     </span>
     <span class='ocr_line' id='line_1_12' title="bbox 406 2231 1521 2329; baseline -0.006 -24"><span class='ocrx_word' id='word_1_79' title='bbox 406 2235 604 2329; x_wconf 84' lang='lat' dir='ltr'>corporibus</span> <span class='ocrx_word' id='word_1_80' title='bbox 622 2233 786 2327; x_wconf 85' lang='lat' dir='ltr'>ampliora</span> <span class='ocrx_word' id='word_1_81' title='bbox 803 2231 990 2315; x_wconf 84' lang='lat' dir='ltr'>faciebant,</span> <span class='ocrx_word' id='word_1_82' title='bbox 1011 2237 1058 2302; x_wconf 83' lang='lat' dir='ltr'>ita</span> <span class='ocrx_word' id='word_1_83' title='bbox 1078 2231 1213 2328; x_wconf 90' lang='lat' dir='ltr'>eloquio</span> <span class='ocrx_word' id='word_1_84' title='bbox 1231 2234 1325 2329; x_wconf 86' lang='lat' dir='ltr'>quasi</span> <span class='ocrx_word' id='word_1_85' title='bbox 1342 2256 1429 2323; x_wconf 70' lang='lat' dir='ltr'>augu·</span> <span class='ocrx_word' id='word_1_86' title='bbox 1520 2274 1521 2298; x_wconf 56' lang='lat'>1</span> 
     </span>
     <span class='ocr_line' id='line_1_13' title="bbox 406 2343 1428 2442; baseline -0.006 -25"><span class='ocrx_word' id='word_1_87' title='bbox 406 2346 729 2418; x_wconf 88' lang='lat' dir='ltr'>stiorehonorandos</span> <span class='ocrx_word' id='word_1_88' title='bbox 737 2361 958 2439; x_wconf 86' lang='lat' dir='ltr'>putaverunt,</span> <span class='ocrx_word' id='word_1_89' title='bbox 971 2343 1157 2442; x_wconf 78' lang='lat' dir='ltr'>laudesque</span> <span class='ocrx_word' id='word_1_90' title='bbox 1169 2369 1286 2416; x_wconf 91' lang='lat' dir='ltr'>eorum</span> <span class='ocrx_word' id='word_1_91' title='bbox 1297 2361 1329 2413; x_wconf 88' lang='lat' dir='ltr'>et</span> <span class='ocrx_word' id='word_1_92' title='bbox 1336 2343 1428 2412; x_wconf 84' lang='lat' dir='ltr'>verbis</span> 
     </span>
     <span class='ocr_line' id='line_1_14' title="bbox 405 2453 1428 2549; baseline -0.008 -21"><span class='ocrx_word' id='word_1_93' title='bbox 405 2457 644 2528; x_wconf 82' lang='lat' dir='ltr'>illustrioribus</span> <span class='ocrx_word' id='word_1_94' title='bbox 669 2472 703 2525; x_wconf 85' lang='lat' dir='ltr'>et</span> <span class='ocrx_word' id='word_1_95' title='bbox 724 2453 981 2549; x_wconf 87' lang='lat' dir='ltr'>jucundioribus</span> <span class='ocrx_word' id='word_1_96' title='bbox 1006 2458 1156 2524; x_wconf 88' lang='lat' dir='ltr'>numeris</span> <span class='ocrx_word' id='word_1_97' title='bbox 1183 2456 1376 2526; x_wconf 82' lang='lat' dir='ltr'>extulerunt.</span> <span class='ocrx_word' id='word_1_98' title='bbox 1398 2453 1428 2520; x_wconf 91' lang='lat' dir='ltr'>ld</span> 
     </span>
     <span class='ocr_line' id='line_1_15' title="bbox 406 2565 1427 2662; baseline -0.004 -26"><span class='ocrx_word' id='word_1_99' title='bbox 406 2593 513 2662; x_wconf 72' lang='lat' dir='ltr'>genus</span> <span class='ocrx_word' id='word_1_100' title='bbox 530 2571 610 2662; x_wconf 90' lang='lat' dir='ltr'>quia</span> <span class='ocrx_word' id='word_1_101' title='bbox 627 2568 736 2636; x_wconf 83' lang='lat' dir='ltr'>forma</span> <span class='ocrx_word' id='word_1_102' title='bbox 752 2565 899 2661; x_wconf 87' lang='lat' dir='ltr'>quadam</span> <span class='ocrx_word' id='word_1_103' title='bbox 917 2565 1077 2648; x_wconf 86' lang='lat' dir='ltr'>efficitur,</span> <span class='ocrx_word' id='word_1_104' title='bbox 1097 2589 1174 2661; x_wconf 87' lang='lat' dir='ltr'>quae</span> <span class='ocrx_word' id='word_1_105' title='bbox 1190 2570 1295 2634; x_wconf 69' lang='grc' dir='ltr'>ποιότης</span> <span class='ocrx_word' id='word_1_106' title='bbox 1312 2566 1427 2645; x_wconf 88' lang='lat' dir='ltr'>dicitur,</span> 
     </span>
     <span class='ocr_line' id='line_1_16' title="bbox 405 2675 1235 2774; baseline -0.004 -27"><span class='ocrx_word' id='word_1_107' title='bbox 405 2702 526 2774; x_wconf 88' lang='lat' dir='ltr'>poema</span> <span class='ocrx_word' id='word_1_108' title='bbox 540 2681 723 2747; x_wconf 77' lang='lat' dir='ltr'>vociutum</span> <span class='ocrx_word' id='word_1_109' title='bbox 738 2692 804 2760; x_wconf 85' lang='lat' dir='ltr'>est,</span> <span class='ocrx_word' id='word_1_110' title='bbox 817 2675 957 2770; x_wconf 86' lang='lat' dir='ltr'>ejusque</span> <span class='ocrx_word' id='word_1_111' title='bbox 971 2676 1103 2748; x_wconf 87' lang='lat' dir='ltr'>fictores</span> <span class='ocrx_word' id='word_1_112' title='bbox 1117 2694 1235 2771; x_wconf 82' lang='lat' dir='ltr'>poetae.</span> 
     </span>
    </p>
   </div>
   <div class='ocr_carea' id='block_1_6' title="bbox 683 2897 1164 3014">
    <p class='ocr_par' dir='ltr' id='par_1_6' title="bbox 683 2897 1164 3014">
     <span class='ocr_line' id='line_1_17' title="bbox 683 2897 1164 3014; baseline 0.004 -30"><span class='ocrx_word' id='word_1_113' title='bbox 683 2921 865 3002; x_wconf 82' lang='lat' dir='ltr'>Diomedes,</span> <span class='ocrx_word' id='word_1_114' title='bbox 881 2897 1070 3014; x_wconf 67' lang='lat' dir='ltr'>lib.&#39;1,pa9.</span> <span class='ocrx_word' id='word_1_115' title='bbox 1085 2921 1164 2988; x_wconf 81' lang='lat'>362.</span> 
     </span>
    </p>
   </div>
   <div class='ocr_carea' id='block_1_7' title="bbox 404 3119 1520 3773">
    <p class='ocr_par' dir='ltr' id='par_1_7' title="bbox 404 3119 1520 3773">
     <span class='ocr_line' id='line_1_18' title="bbox 452 3119 1429 3217; baseline 0.001 -30"><span class='ocrx_word' id='word_1_116' title='bbox 452 3121 608 3190; x_wconf 83' lang='lat' dir='ltr'>Iueboavi</span> <span class='ocrx_word' id='word_1_117' title='bbox 621 3121 665 3189; x_wconf 90' lang='lat' dir='ltr'>ab</span> <span class='ocrx_word' id='word_1_118' title='bbox 685 3121 818 3190; x_wconf 89' lang='lat' dir='ltr'>inchoo.</span> <span class='ocrx_word' id='word_1_119' title='bbox 837 3123 889 3191; x_wconf 87' lang='lat' dir='ltr'>Sic</span> <span class='ocrx_word' id='word_1_120' title='bbox 903 3120 1084 3192; x_wconf 86' lang='lat' dir='ltr'>dicendum</span> <span class='ocrx_word' id='word_1_121' title='bbox 1099 3137 1196 3217; x_wconf 78' lang='lat' dir='ltr'>putat</span> <span class='ocrx_word' id='word_1_122' title='bbox 1210 3119 1321 3190; x_wconf 87' lang='lat' dir='ltr'>Julius</span> <span class='ocrx_word' id='word_1_123' title='bbox 1332 3119 1429 3189; x_wconf 75' lang='lat' dir='ltr'>Mede</span> 
     </span>
     <span class='ocr_line' id='line_1_19' title="bbox 407 3234 1429 3328; baseline -0.002 -27"><span class='ocrx_word' id='word_1_124' title='bbox 407 3249 498 3318; x_wconf 88' lang='lat' dir='ltr'>stus,</span> <span class='ocrx_word' id='word_1_125' title='bbox 518 3235 598 3328; x_wconf 86' lang='lat' dir='ltr'>quia</span> <span class='ocrx_word' id='word_1_126' title='bbox 613 3235 656 3300; x_wconf 87' lang='lat' dir='ltr'>sit</span> <span class='ocrx_word' id='word_1_127' title='bbox 668 3237 894 3328; x_wconf 84' lang='lat' dir='ltr'>compositum</span> <span class='ocrx_word' id='word_1_128' title='bbox 910 3259 932 3301; x_wconf 85' lang='lat' dir='ltr'>a</span> <span class='ocrx_word' id='word_1_129' title='bbox 950 3234 1048 3318; x_wconf 79' lang='lat' dir='ltr'>obeo,</span> <span class='ocrx_word' id='word_1_130' title='bbox 1062 3237 1159 3304; x_wconf 83' lang='lat' dir='ltr'>initio</span> <span class='ocrx_word' id='word_1_131' title='bbox 1172 3255 1298 3302; x_wconf 83' lang='lat' dir='ltr'>rerum.</span> <span class='ocrx_word' id='word_1_132' title='bbox 1313 3239 1354 3301; x_wconf 80' lang='lat' dir='ltr'>At</span> <span class='ocrx_word' id='word_1_133' title='bbox 1365 3237 1429 3299; x_wconf 86' lang='lat' dir='ltr'>Ver·</span> 
     </span>
     <span class='ocr_line' id='line_1_20' title="bbox 405 3343 1428 3441; baseline 0 -30"><span class='ocrx_word' id='word_1_134' title='bbox 405 3348 476 3413; x_wconf 88' lang='lat' dir='ltr'>rius</span> <span class='ocrx_word' id='word_1_135' title='bbox 489 3362 522 3414; x_wconf 88' lang='lat' dir='ltr'>et</span> <span class='ocrx_word' id='word_1_136' title='bbox 535 3344 674 3414; x_wconf 82' lang='lat' dir='ltr'>Flaccus</span> <span class='ocrx_word' id='word_1_137' title='bbox 691 3348 727 3412; x_wconf 88' lang='lat' dir='ltr'>in</span> <span class='ocrx_word' id='word_1_138' title='bbox 742 3363 913 3438; x_wconf 86' lang='lat' dir='ltr'>postrema</span> <span class='ocrx_word' id='word_1_139' title='bbox 927 3345 1058 3441; x_wconf 80' lang='lat' dir='ltr'>syllaba</span> <span class='ocrx_word' id='word_1_140' title='bbox 1072 3345 1315 3441; x_wconf 73' lang='lat' dir='ltr'>adspirabdum</span> <span class='ocrx_word' id='word_1_141' title='bbox 1327 3343 1428 3438; x_wconf 72' lang='lat' dir='ltr'>proba</span> 
     </span>
     <span class='ocr_line' id='line_1_21' title="bbox 406 3455 1426 3551; baseline -0.003 -28"><span class='ocrx_word' id='word_1_142' title='bbox 406 3473 538 3524; x_wconf 83' lang='lat' dir='ltr'>verunt.</span> <span class='ocrx_word' id='word_1_143' title='bbox 562 3458 683 3524; x_wconf 80' lang='lat' dir='ltr'>Cabum</span> <span class='ocrx_word' id='word_1_144' title='bbox 703 3461 794 3526; x_wconf 90' lang='lat' dir='ltr'>enim</span> <span class='ocrx_word' id='word_1_145' title='bbox 817 3456 908 3550; x_wconf 85' lang='lat' dir='ltr'>apud</span> <span class='ocrx_word' id='word_1_146' title='bbox 930 3474 1059 3528; x_wconf 88' lang='lat' dir='ltr'>veteres</span> <span class='ocrx_word' id='word_1_147' title='bbox 1081 3455 1250 3528; x_wconf 88' lang='lat' dir='ltr'>mundum</span> <span class='ocrx_word' id='word_1_148' title='bbox 1273 3455 1426 3551; x_wconf 76' lang='lat' dir='ltr'>significat.</span> 
     </span>
     <span class='ocr_line' id='line_1_22' title="bbox 404 3566 1427 3664; baseline -0.001 -31"><span class='ocrx_word' id='word_1_149' title='bbox 404 3566 489 3634; x_wconf 89' lang='lat' dir='ltr'>Inde</span> <span class='ocrx_word' id='word_1_150' title='bbox 511 3583 656 3636; x_wconf 87' lang='lat' dir='ltr'>tractum</span> <span class='ocrx_word' id='word_1_151' title='bbox 680 3568 836 3636; x_wconf 81' lang='lat' dir='ltr'>incubare.</span> <span class='ocrx_word' id='word_1_152' title='bbox 859 3568 1078 3664; x_wconf 82' lang='lat' dir='ltr'>Tranquillus</span> <span class='ocrx_word' id='word_1_153' title='bbox 1102 3592 1237 3664; x_wconf 87' lang='lat' dir='ltr'>quoque</span> <span class='ocrx_word' id='word_1_154' title='bbox 1259 3567 1312 3636; x_wconf 82' lang='lat' dir='ltr'>his</span> <span class='ocrx_word' id='word_1_155' title='bbox 1335 3589 1427 3635; x_wconf 82' lang='lat' dir='ltr'>asseu-</span> 
     </span>
     <span class='ocr_line' id='line_1_23' title="bbox 404 3667 1520 3773; baseline 0.001 -28"><span class='ocrx_word' id='word_1_156' title='bbox 404 3681 508 3759; x_wconf 82' lang='lat' dir='ltr'>tiens,</span> <span class='ocrx_word' id='word_1_157' title='bbox 523 3677 636 3748; x_wconf 89' lang='lat' dir='ltr'>libello</span> <span class='ocrx_word' id='word_1_158' title='bbox 648 3703 709 3747; x_wconf 85' lang='lat' dir='ltr'>suo</span> <span class='ocrx_word' id='word_1_159' title='bbox 720 3667 916 3773; x_wconf 67' lang='lat' dir='ltr'>plenissime</span> <span class='ocrx_word' id='word_1_160' title='bbox 928 3683 1022 3748; x_wconf 84' lang='lat' dir='ltr'>cedem</span> <span class='ocrx_word' id='word_1_161' title='bbox 1033 3681 1213 3749; x_wconf 76' lang='lat' dir='ltr'>incohatam</span> <span class='ocrx_word' id='word_1_162' title='bbox 1223 3682 1271 3748; x_wconf 91' lang='lat' dir='ltr'>ita</span> <span class='ocrx_word' id='word_1_163' title='bbox 1281 3679 1425 3748; x_wconf 83' lang='lat' dir='ltr'>disseruit.</span> <span class='ocrx_word' id='word_1_164' title='bbox 1518 3699 1520 3738; x_wconf 59' lang='lat' dir='ltr'><strong>f</strong></span> 
     </span>
    </p>
   </div>
   <div class='ocr_carea' id='block_1_8' title="bbox 551 3901 1299 4010">
    <p class='ocr_par' dir='ltr' id='par_1_8' title="bbox 551 3901 1299 4010">
     <span class='ocr_line' id='line_1_24' title="bbox 551 3901 1299 4010; baseline 0 -25"><span class='ocrx_word' id='word_1_165' title='bbox 551 3919 877 3988; x_wconf 75' lang='lat' dir='ltr'>Commemalorvetus</span> <span class='ocrx_word' id='word_1_166' title='bbox 889 3924 924 3985; x_wconf 81' lang='lat' dir='ltr'>in</span> <span class='ocrx_word' id='word_1_167' title='bbox 935 3923 1048 3989; x_wconf 81' lang='lat' dir='ltr'>Horat.</span> <span class='ocrx_word' id='word_1_168' title='bbox 1061 3920 1129 3989; x_wconf 78' lang='lat' dir='ltr'>Sat.</span> <span class='ocrx_word' id='word_1_169' title='bbox 1145 3921 1171 3988; x_wconf 95' lang='grc' dir='ltr'><em>Ι</em></span> <span class='ocrx_word' id='word_1_170' title='bbox 1169 3973 1181 4004; x_wconf 84' lang='lat'><em>,</em></span> <span class='ocrx_word' id='word_1_171' title='bbox 1196 3946 1228 4010; x_wconf 90' lang='lat'>7,</span> <span class='ocrx_word' id='word_1_172' title='bbox 1243 3901 1299 3988; x_wconf 77' lang='lat' dir='ltr'>ab.</span> 
     </span>
    </p>
   </div>
   <div class='ocr_carea' id='block_1_9' title="bbox 376 4115 1427 4304">
    <p class='ocr_par' dir='ltr' id='par_1_9' title="bbox 376 4115 1427 4304">
     <span class='ocr_line' id='line_1_25' title="bbox 376 4115 1427 4221; baseline 0.009 -35"><span class='ocrx_word' id='word_1_173' title='bbox 376 4159 384 4172; x_wconf 90' lang='lat'><strong>·</strong></span> <span class='ocrx_word' id='word_1_174' title='bbox 449 4125 568 4210; x_wconf 69' lang='lat' dir='ltr'>Bilbus</span> <span class='ocrx_word' id='word_1_175' title='bbox 578 4139 610 4191; x_wconf 84' lang='lat' dir='ltr'>et</span> <span class='ocrx_word' id='word_1_176' title='bbox 620 4125 779 4210; x_wconf 78' lang='lat' dir='ltr'>Bacchus,</span> <span class='ocrx_word' id='word_1_177' title='bbox 792 4125 1015 4221; x_wconf 76' lang='lat' dir='ltr'>gladiatorum</span> <span class='ocrx_word' id='word_1_178' title='bbox 1026 4128 1164 4197; x_wconf 85' lang='lat' dir='ltr'>nomina</span> <span class='ocrx_word' id='word_1_179' title='bbox 1177 4123 1343 4195; x_wconf 83' lang='lat' dir='ltr'>celebrata</span> <span class='ocrx_word' id='word_1_180' title='bbox 1352 4115 1427 4216; x_wconf 74' lang='lat' dir='ltr'>apul</span> 
     </span>
     <span class='ocr_line' id='line_1_26' title="bbox 405 4237 611 4304; baseline 0.01 -4"><span class='ocrx_word' id='word_1_181' title='bbox 405 4237 611 4304; x_wconf 84' lang='lat' dir='ltr'>Suetonium.</span> 
     </span>
    </p>
   </div>
   <div class='ocr_carea' id='block_1_10' title="bbox 0 0 1543 5146">
    <p class='ocr_par' dir='ltr' id='par_1_10' title="bbox 0 0 1543 5146">
     <span class='ocr_line' id='line_1_27' title="bbox 0 0 1543 5146; baseline 0 0"><span class='ocrx_word' id='word_1_182' title='bbox 0 0 1543 5146; x_wconf 95' lang='lat' dir='ltr'> </span> 
     </span>
    </p>
   </div>
  </div>
 </body>
</html>
