3066 5148
298 504 301 520 ·
356 523 399 602 24
733 520 1030 585 asamona

355 648 505 714 accensis
520 659 590 712 tota
609 644 701 713 Urbe
719 643 916 712 luminibus.
936 648 1063 738 Sparsit
1076 660 1110 711 et
1124 645 1282 714 missilia²
1300 647 1406 712 varia-

355 783 434 826 rum
448 777 577 839 rerum,
595 774 630 824 et
644 758 783 850 panaria
800 753 883 826 cum
895 761 1038 850 opsonio
1051 751 1175 824 viritim
1193 755 1314 824 divisit.
1332 761 1407 841 Qua

354 865 547 958 epulatione
559 868 672 960 Equiti
681 871 850 947 Romano,
863 881 979 933 contra
992 862 1045 932 se³
1060 864 1199 932 hilarius
1207 863 1408 959 avidiusque

355 981 518 1061 vescenti,
536 991 649 1071 partes
669 1001 748 1044 suas
765 979 877 1043 misit:
898 973 957 1044 sed
976 992 1010 1043 et
1024 978 1175 1045 Senatori
1195 975 1238 1042 ob
1253 975 1408 1042 eamdem

338 1109 494 1156 causam
505 1086 693 1170 codicillos,
710 1087 834 1182 quibus
853 1093 1033 1154 Praetorem
1050 1111 1129 1154 eum
1145 1102 1238 1154 extra
1254 1083 1409 1153 ordinem

356 1198 563 1292 designabat.
583 1197 697 1267 Edidit
714 1215 748 1266 et
764 1200 937 1267 Circenses
956 1197 1120 1290 plurimos
1138 1223 1159 1263 a
1176 1220 1275 1263 mane
1297 1219 1407 1290 usque

357 1306 400 1376 ad
417 1333 614 1404 vesperam,
634 1305 809 1402 interjecta
828 1307 930 1376 modo
949 1305 1197 1376 Africanarum4
1213 1311 1406 1390 venatione,

357 1420 460 1488 modo
475 1418 587 1512 Trojae
605 1420 823 1490 decursione:
842 1436 876 1488 et
890 1419 1057 1517 quosdam
1074 1401 1283 1512 praecipuos,
1302 1420 1408 1486 minio

357 1545 392 1596 et
409 1528 638 1624 chrysocolla⁵
658 1547 828 1600 constrato
842 1534 954 1612 Circo,
974 1553 1037 1598 nec
1055 1529 1152 1611 ullis,
1172 1532 1236 1597 nisi
1254 1553 1295 1597 ex
1313 1553 1409 1596 sena-

357 1643 444 1708 torio
461 1638 593 1724 ordine,
611 1640 853 1733 aurigantibus.
867 1643 1039 1708 Commisit
1054 1657 1087 1708 et
1102 1639 1247 1722 subitos,
1265 1665 1372 1734 quum
1388 1663 1408 1706 e

357 1748 550 1818 Gelotiana⁶
566 1767 765 1844 apparatum
779 1754 865 1820 Circi
882 1753 1142 1845 prospicientem
1158 1752 1256 1842 pauci
1275 1774 1317 1818 ex
1333 1773 1410 1842 pro·

297 1865 299 1874 ’
358 1861 456 1927 xlmis
468 1853 661 1928 Maenianis⁷
673 1860 912 1953 postulassent.

405 1975 493 2039 XIX.
519 1976 653 2038 Novum
667 1989 830 2062 praeterea
846 1985 947 2065 atque
958 1968 1150 2037 inauditum
1162 1992 1268 2061 genus
1280 1983 1411 2061 specta·

358 2081 425 2149 culi
440 2084 648 2174 excogitavit.
669 2087 755 2151 Nam
773 2083 928 2149 Baiarum
947 2081 1097 2150 medium
1115 2078 1328 2149 intervallum
1347 2083 1413 2146 Pu-

359 2194 511 2262 teolanas
531 2193 575 2261 ad
597 2193 724 2278 moles,
746 2197 849 2262 trium
866 2194 1011 2262 millium
1031 2212 1064 2262 et
1085 2209 1321 2262 sexcentorum
1340 2192 1414 2260 fere

360 2327 539 2399 passuum,
554 2323 657 2399 ponte
672 2304 859 2399 conjunxit¹
872 2359 881 2390 ,
894 2311 1072 2375 contractis
1084 2306 1235 2401 undique
1248 2307 1413 2373 onerariis

398 2573 422 2608 a.
436 2557 569 2629 Sparsitet
578 2557 703 2624 missilia,
716 2570 742 2609 et
751 2570 863 2610 tesseras
908 2556 942 2608 de
956 2555 1072 2608 Turneb.
1087 2556 1196 2608 Adsere.
1211 2555 1299 2620 XXII,
1316 2553 1367 2616 30,
1386 2565 1416 2605 et

360 2635 504 2688 distribuit.
519 2629 584 2702 Dio,
593 2637 667 2703 LIX,
679 2655 706 2706 9.
720 2637 760 2688 De
770 2637 811 2689 his
821 2648 865 2690 tes-
908 2635 1015 2688 Gruteri
1034 2636 1156 2706 Inscript.
1180 2651 1242 2704 pag.
1261 2631 1415 2696 DXCVIII,

361 2715 422 2768 setis
431 2728 457 2766 et
468 2715 671 2770 missiliburvide
682 2719 753 2788 Lips.
767 2715 800 2768 de
809 2719 866 2768 Ma·
910 2731 935 2783 7.
949 2712 991 2764 At.
1005 2712 1061 2787 leqe
1071 2713 1198 2763 luciana.

362 2812 407 2864 gn.
415 2796 491 2846 Rota.
499 2797 522 2845 II
529 2832 537 2860 ,
549 2811 575 2844 ιι
586 2797 714 2854 3Reimar.
724 2795 756 2847 ad
765 2795 864 2866 Xiphil.
947 2809 971 2860 7.
981 2790 1131 2844 Maenianis.
1139 2792 1247 2842 Festus:
1261 2790 1417 2840 «Maeniana

361 2873 433 2938 LXI,
444 2876 489 2934 183
498 2875 582 2944 ipsam
590 2873 867 2945 deniquedescriptIo·
910 2871 1020 2925 edificia
1031 2889 1046 2923 a
1056 2872 1151 2923 Maenio
1164 2884 1226 2923 sunt
1236 2869 1369 2942 appellata
1377 2890 1384 2934 3
1393 2872 1418 2922 is

362 2971 425 3006 nem
437 2951 585 3025 Xiphilini,
598 2954 696 3019 LXVI,
712 2956 754 3007 25.
911 2953 981 3004 enirn
991 2952 1091 3021 primus
1101 2949 1169 3002 ultra
1178 2951 1314 3002 columnas
1325 2962 1417 3002 exten-

398 3031 424 3083 3.
438 3031 533 3083 Contra
541 3050 567 3084 se
573 3053 583 3093 ,·
594 3050 625 3082 ex
635 3032 745 3084 adverso
754 3032 868 3085 discum·
912 3031 950 3083 dit
962 3030 1047 3100 ligna,
1062 3048 1115 3100 quc
1129 3031 1320 3100 ampliarentur
1332 3046 1417 3100 supe-

362 3109 446 3162 benti.
470 3139 507 3150 -·
528 3111 666 3176 Senatort‘,
682 3125 733 3164 etc.
748 3109 867 3182 Caligula
913 3112 1013 3162 riora.·
1040 3111 1106 3176 Quis
1125 3109 1169 3161 ille
1188 3110 1296 3161 Maenius
1317 3109 1418 3172 fuerit,

360 3189 416 3258 jam
425 3189 586 3256 insanchat,
598 3189 669 3243 hunc
682 3194 823 3243 Praetorem
833 3189 868 3242 ob
913 3192 1049 3242 incertum.
1072 3188 1138 3241 Vide
1156 3202 1245 3266 tamen
1264 3191 1363 3240 Donat.
1384 3187 1419 3241 de

365 3267 433 3339 gule
448 3267 600 3321 aviditatem
612 3269 785 3340 designando.
913 3269 987 3322 Urbe
1000 3272 1099 3337 Iloma,
1114 3272 1152 3338 11,
1168 3287 1210 3338 27.

401 3347 426 3421 d.
438 3347 574 3417 Africanae
584 3346 797 3421 belluae,tigres,
806 3369 870 3421 pan·
948 3349 1019 3400 XIX.
1043 3365 1064 3400 ι.
1078 3350 1149 3400 Nam
1162 3349 1325 3400 Balaam...
1336 3349 1420 3400 inter-

365 3425 445 3478 therte
466 3421 483 3477 :¹
495 3425 618 3479 absolute
637 3430 772 3500 positum,
793 3443 823 3482 ut
845 3443 870 3482 et
915 3426 1058 3481 vallum...
1084 3440 1166 3501 ponte
1178 3429 1323 3499 conjunxit.
1339 3431 1421 3480 Non-

366 3503 467 3572 Libyca
478 3503 612 3557 dicuntur.
916 3507 982 3560 nulli
995 3507 1098 3560 addunt
1109 3522 1173 3580 ,post
1185 3527 1306 3579 passuum
1320 3506 1419 3560 vocab.

402 3580 427 3634 5.
445 3583 623 3655 Chrysocolla.
633 3584 673 3636 De
683 3585 733 3637 hae
743 3585 794 3637 vid.
805 3586 870 3638 Plin.
914 3588 1043 3657 spetiem,
1071 3586 1146 3658 quod
1169 3587 1270 3658 recepit
1292 3586 1420 3640 Oudend.

365 3663 433 3714 Ilist.
445 3663 507 3713 Nat.
521 3663 646 3727 XXXIII,
659 3661 674 3714 5
686 3663 696 3730 (
706 3662 764 3734 ιθ).
779 3663 851 3715 Idem
863 3685 869 3714 :
917 3668 962 3736 qui
971 3666 1060 3718 locum
1070 3666 1135 3718 alias
1145 3679 1300 3737 corruptum
1311 3680 1421 3733 censet,

368 3761 379 3786 ι
390 3741 536 3812 Virumque
547 3743 604 3811 jam
617 3755 657 3796 est
666 3742 781 3794 Neronis
794 3746 870 3795 Prin·
915 3746 1005 3796 nescio
1015 3763 1049 3797 an
1059 3747 1138 3797 nimis
1149 3747 1262 3816 quesitis
1274 3744 1422 3798 difficulta-

366 3820 433 3891 oipIs
457 3820 639 3891 spectaculis,
668 3840 775 3873 arenam
800 3822 870 3874 Circi
916 3823 996 3876 tibus.
1019 3826 1135 3876 Bremius
1153 3827 1232 3876 etiam
1249 3823 1423 3895 reprehendit

367 3897 533 3970 chrysocolla
542 3903 640 3965 sterni,
651 3920 732 3972 quum
743 3903 800 3974 ipse
808 3921 872 3954 con·
916 3916 1069 3969 auctorem,
1083 3903 1156 3974 quod
1168 3903 1282 3956 mediam
1296 3903 1422 3957 interval·

366 3975 452 4028 colori
470 3995 562 4048 panno
581 3981 748 4049 aurigaturus
767 3995 868 4034 esset·
917 3984 988 4050 lum,
1007 4001 1079 4049 non,
1099 3997 1128 4035 ut
1146 4001 1187 4035 ros
1207 3997 1279 4048 erat,
1299 3983 1377 4035 Baias
1396 3995 1423 4035 et

367 4057 486 4108 Imitatus
495 4057 575 4127 igitur
585 4073 624 4111 est
636 4059 707 4110 Nero
720 4059 825 4126 Caium,
838 4057 870 4111 de
916 4059 1075 4114 Puteolanas
1084 4060 1163 4114 moles
1171 4065 1420 4133 pouteeonjunctas

367 4154 423 4206 quo
439 4149 509 4188 tacet
521 4137 628 4190 Plinius.
915 4139 988 4191 dixit.
1008 4140 1058 4192 Sed
1073 4142 1100 4191 in
1119 4139 1200 4191 verbo
1216 4139 1370 4212 conjunxit,
1390 4154 1421 4193 ut

403 4217 428 4269 6.
448 4217 474 4268 Ε
484 4215 639 4283 Gelotiana,
654 4219 709 4270 scil.
723 4218 812 4272 domo.
827 4221 871 4270 Vi·
917 4237 1001 4290 saepe,
1022 4217 1094 4270 aliud
1109 4219 1173 4271 latet
1187 4219 1314 4282 verbum,
1333 4234 1362 4273 ut
1376 4237 1423 4273 sa-
