3116 5146
452 475 704 596 n'xcuasus
725 529 801 593 xv.
828 557 832 565 -
1080 531 1143 620 495

405 817 730 938 axcunsus
759 840 847 937 xv

306 1128 375 1198 an
402 1128 779 1218 nonrrranun,
807 1127 892 1199 cn.
925 1127 957 1198 5.

576 1393 686 1404 nun—-

100 1567 231 1655 Dausara
244 1603 365 1673 utrinque
375 1599 503 1653 lateribus.
515 1601 565 1652 Pro
575 1598 689 1653 lectione
699 1600 753 1654 MS.
764 1601 851 1672 Lyser.
864 1599 953 1654 decisis
962 1601 1018 1654 haec
1029 1603 1082 1658 dici
1095 1625 1155 1677 pos·

101 1693 173 1734 aunt.
185 1683 279 1733 Dionis
290 1683 470 1752 Epitomator,
483 1699 510 1752 p.
522 1697 587 1750 772,
603 1682 654 1746 ait,
664 1680 770 1732 Circum
780 1698 794 1731 a
805 1681 921 1749 Trojano
933 1682 1089 1752 ampliatum
1099 1687 1154 1737 daa-

101 1759 228 1827 saeptus
238 1782 281 1814 aa.
294 1763 425 1825 Zonaras,
443 1763 488 1832 qui
499 1762 612 1812 Dionem
624 1759 793 1830 compilavit,
806 1755 941 1828 erasisse.
954 1762 982 1813 ld
997 1765 1155 1836 Interpretes

100 1855 240 1894 verterunt
251 1841 410 1914 collapsum,
423 1861 478 1893 non
495 1843 558 1894 satis
571 1856 703 1894 accurate.
718 1843 757 1892 Ae
772 1859 826 1892 non
839 1858 950 1910 negem,
963 1842 1090 1912 φθιμίνηι
1102 1846 1156 1898 dici

101 1922 183 1974 etiam
199 1939 245 1988 ea,
264 1940 321 1993 quae
339 1919 462 1972 incendio
478 1932 602 1990 corrupta
616 1933 685 1972 sunt.
703 1917 754 1970 Sed
771 1937 849 1969 nemo
867 1931 982 1970 veterum
997 1925 1155 1992 scriptorum

101 1999 183 2072 hujus
195 2001 310 2054 incendii
325 2004 485 2053 mentionem
501 2001 571 2053 lacit.
585 2001 652 2051 Nam
666 1997 740 2069 quod
755 1999 891 2064 Donatus,
908 1999 936 2048 in
948 2001 1031 2052 Roma
1045 2004 1155 2068 Vetere,

101 2079 156 2133 huc
166 2083 250 2133 refert
262 2081 412 2132 incendium
422 2081 616 2144 Neronianum,
629 2098 682 2150 quo
695 2080 773 2131 etiam
784 2078 874 2146 Circus
888 2081 967 2145 arsit,
983 2095 1091 2134 auctore
1103 2085 1154 2135 Ta·

102 2161 174 2228 cito,
184 2158 280 2213 Annal.
291 2161 346 2225 XV,
356 2162 424 2227 38,a
439 2178 493 2231 quo
506 2174 626 2228 tempora
639 2157 765 2228 usquead
777 2158 919 2227 Trajanurn
932 2173 1010 2229 negat
1022 2162 1155 2213 instaura-

100 2253 160 2292 tum
171 2241 277 2292 Circum
288 2240 384 2302 luisse3
396 2239 423 2291 id
433 2239 499 2290 mihi
509 2252 652 2310 propterea
665 2257 719 2288 non
732 2238 795 2289 satis
807 2237 946 2308 probatur,
959 2240 1019 2310 quia
1031 2257 1085 2291 non
1098 2259 1156 2293 ore-

101 2317 202 2385 dibile,
219 2331 271 2370 tam
284 2318 329 2369 diu
340 2319 409 2370 Circi
421 2337 470 2370 usu
483 2337 572 2369 carere
584 2320 711 2388 potuisse.
724 2319 811 2386 Atque
822 2318 900 2368 etiarn
914 2317 964 2368 sub
973 2319 1080 2371 Tiberio
1093 2323 1156 2372 arsit

101 2396 211 2464 Circus,
230 2410 259 2448 ut
273 2396 401 2449 vidimus:
418 2416 504 2468 neque
518 2397 637 2460 traditur,
653 2416 667 2448 a
686 2415 739 2466 quo
755 2398 918 2449 instauratus
931 2399 1018 2450 fuerit.
1036 2403 1078 2450 An
1091 2419 1155 2452 vcro

101 2477 253 2546 Imperator
264 2477 351 2542 Nero,
364 2489 419 2528 tam
428 2474 564 2528 studiosus
574 2476 751 2540 Circensium,
764 2475 854 2526 sivisse
868 2476 895 2524 in
911 2477 991 2528 ruinis
1000 2479 1090 2548 jacere
1100 2479 1155 2530 Cir·

102 2556 182 2607 cum?
194 2557 289 2626 Neque
305 2557 434 2608 Latinitas
451 2558 475 2607 ei
492 2557 612 2626 opinioni
629 2556 839 2606 satisconvenit.
855 2556 924 2606 Nam
940 2554 1048 2608 ablativi
1065 2557 1103 2608 illi
1118 2559 1155 2610 sic

101 2637 185 2707 positi
199 2649 276 2700 sunt,
294 2649 322 2687 ut
340 2635 373 2686 ad
391 2650 511 2708 tempora
527 2636 635 2705 Trajani
649 2636 797 2686 referantur
811 2638 976 2689 necessario:
993 2639 1156 2710 omninoque

100 2714 147 2767 ille
161 2714 253 2780 locus,
265 2717 334 2767 inter
347 2715 434 2768 Circus
445 2716 575 2769 maximus
587 2728 613 2766 et
623 2725 763 2768 exstructus
774 2718 861 2787 aptior
873 2730 912 2768 est
922 2715 955 2783 τᾷ
965 2717 1053 2772 decisis
1065 2718 1155 2770 lateri-

102 2793 162 2859 bus,
180 2813 258 2866 quam
272 2795 309 2862 τᾷ
320 2797 412 2848 deustis
425 2795 553 2848 lateribus.
568 2796 682 2848 Dixisset
694 2797 788 2861 etiam,
803 2796 908 2867 opinor,
921 2798 1010 2867 potius
1025 2799 1156 2850 instauro-

103 2886 146 2927 ωε
157 2874 199 2926 vel
217 2875 344 2928 restitutus
357 2889 411 2943 est,
430 2895 507 2948 qaam
525 2886 672 2928 exstructus.
689 2878 815 2929 Praeterea
826 2896 881 2928 non
893 2876 1034 2943 abhorret,
1047 2878 1156 2946 dinosa·
1233 2933 1235 2938 ¹

102 2948 173 3020 pirre
182 2951 248 3003 nihil
260 2952 411 3020 aliudesse,
426 2972 505 3024 quam
517 2993 523 3018 ‚
534 2954 580 3024 qui
591 2953 683 3003 vitium
690 2953 806 3024 fecerat,
819 2953 909 3025 aliqua
920 2965 995 3024 porte
1005 2973 1052 3006 seu
1066 2953 1156 3028 aliquo

104 3029 162 3085 loco
173 3032 237 3102 (nr)
247 3032 435 3104 indigebatque
445 3034 647 3106 instauratione.
657 3032 789 3102 Trajanus
800 3050 857 3083 eam
867 3034 1034 3084 occasionem
1046 3036 1157 3104 arripuit

104 3111 250 3186 ampliandi
262 3114 347 3182 Circi,
361 3127 391 3165 ut
402 3116 527 3184 majorem
541 3111 736 3164 multitudinem
751 3127 858 3182 caperet
873 3111 1006 3182 (Plinius,
1018 3116 1113 3185 Pancg.
1131 3134 1155 3166 c.

104 3191 136 3247 51
145 3193 172 3263 )‚
187 3191 269 3263 idque
281 3191 343 3244 fecit
356 3194 459 3259 decisis,
472 3193 500 3246 h.
512 3211 534 3244 e.
549 3192 657 3262 dejectis
668 3211 698 3242 ac
708 3191 865 3258 destructis,
880 3192 1006 3244 lateribus
1018 3196 1156 3265 utrinque,

104 3284 136 3324 ut
147 3272 181 3324 ab
194 3285 307 3345 utraque
319 3288 395 3345 parte
412 3275 480 3326 Circi
492 3275 607 3344 spatium
620 3271 698 3324 latius
716 3287 892 3343 promoveret.
906 3272 981 3324 Haud
994 3271 1075 3324 dubie
1089 3293 1156 3344 pra·

105 3350 216 3406 ferenda
229 3366 267 3406 est
279 3353 334 3406 liae
347 3353 426 3406 lectio
439 3354 557 3424 vulgata.
571 3355 635 3403 Ean.
648 3354 731 3402 immo
745 3366 816 3403 certa
827 3353 947 3404 videntur
958 3351 1085 3424 pleraque
1098 3371 1157 3404 ora-

106 3434 168 3501 nia,
184 3453 242 3505 quae
256 3433 334 3504 vulgo
347 3435 414 3487 dicta
427 3434 470 3486 hic
483 3432 609 3504 arguendi
623 3450 718 3484 caussa
731 3446 895 3504 repetuntur.
909 3435 950 3485 Ne
965 3437 1087 3485 Latinum
1100 3437 1157 3506 qui-

105 3513 166 3566 dem
186 3526 225 3566 est
238 3514 353 3568 decidere
365 3516 447 3582 latus,
460 3533 506 3567 seu
519 3524 622 3586 partem
640 3509 759 3580 (edificii,
774 3525 804 3565 ut
823 3527 849 3565 et
867 3513 1059 3586 Oudendorpio
1072 3517 1156 3566 visum

107 3608 154 3646 est.
168 3594 266 3650 Woer.
