3076 5146
1531 115 1535 200 t

1533 453 1535 584 l

1315 501 1321 531 l

406 533 471 614 434
787 525 823 590 e.
850 524 1081 594 sumouu

404 679 550 754 puerum
567 660 709 724 Romam
724 652 920 735 advectum,
937 649 1140 722 Alexandria
1155 659 1290 746 captu),
1308 653 1451 724 studiose

404 787 439 842 ot
453 767 558 848 audiit
576 783 611 834 et
627 767 776 836 imitatus
796 779 848 832 est
866 762 1061 832 Cornelium
1079 761 1328 846 Alexandrum,
1345 767 1452 832 Gran

392 879 566 960 ‘maurum
585 882 758 946 Graecum:
782 899 886 970 quem
908 889 1050 968 propter
1071 877 1281 970 antiquitatis
1305 877 1452 944 notitiam
1534 966 1536 976 γ

404 993 636 1084 Polykistorem
649 984 764 1066 muti,
782 983 922 1080 quidam
935 986 1112 1052 Historiam
1128 983 1306 1052 vocabant.
1323 985 1454 1054 Proeiuit
1534 985 1536 1006 l

406 1105 564 1174 Palatinae
576 1097 878 1172 bibliothecaezuec
890 1117 930 1164 eo
942 1099 1051 1166 secius
1063 1096 1228 1190 plurimos
1240 1097 1454 1166 docuitzfirit-
1535 1113 1536 1122 ’

405 1240 471 1311 que
489 1212 768 1284 familiarissimus
780 1207 899 1278 Ovidio
916 1209 1043 1301 poem,
1059 1225 1093 1276 et
1106 1212 1186 1276 Gaio
1199 1211 1330 1277 licinio
1342 1233 1453 1278 oonsu-
1535 1245 1536 1306 ]

405 1328 484 1408 lari,
503 1325 677 1406 historico3
697 1324 756 1415 qui
772 1344 851 1388 eum
868 1318 1052 1388 admodum
1070 1345 1256 1412 pauperem
1277 1319 1454 1390 decessisse
1535 1325 1536 1328 ’

407 1438 523 1521 tradit,
547 1452 580 1506 et
605 1431 802 1504 liberalitate
824 1438 901 1514 sua,
925 1429 1038 1525 quoad
1061 1433 1198 1514 vixerit,
1220 1448 1450 1502 sustentatum.

406 1547 518 1641 Hujus
534 1545 674 1615 libertus
688 1542 753 1610 fuit
765 1541 875 1611 Julius
890 1540 1083 1624 Modestus,
1098 1543 1134 1608 in
1148 1541 1270 1614 studiis
1284 1559 1387 1639 atque
1401 1541 1453 1612 do·
1535 1537 1536 1540 ¹

407 1661 516 1730 ctrina
527 1658 666 1748 vestigia
678 1655 810 1746 patroni
823 1667 970 1720 secutus.

452 1771 540 1840 XXI.
566 1771 603 1834 C.
616 1771 794 1845 Mrnrssns,
808 1760 934 1856 Spoleti
947 1778 1066 1846 nattis,
1080 1764 1266 1855 ingenuus,
1283 1762 1344 1832 sed
1356 1764 1399 1832 ob
1412 1763 1454 1832 di·

407 1880 573 1950 scordiam
591 1893 772 1971 parentum
792 1879 984 1968 expositus,
1006 1899 1088 1943 cura
1105 1891 1139 1942 et
1156 1874 1324 1946 industria
1340 1875 1453 1944 edum-

408 1995 490 2062 toris
505 1995 557 2060 sui
574 1991 691 2058 altiora
710 1986 821 2056 studia
837 1991 1004 2080 percepit,
1022 2012 1060 2055 ac
1077 1991 1253 2058 Maecenati
1266 2014 1331 2082 pro
1344 1993 1452 2058 Gram-

408 2106 531 2172 matico
546 2102 678 2169 muneri
700 2095 800 2164 datus
821 2112 883 2168 est.
903 2099 965 2166 Cui
984 2121 1091 2192 quum
1109 2120 1145 2166 se
1166 2115 1301 2190 gratum
1318 2116 1352 2168 et
1371 2123 1454 2167 ame·

409 2214 506 2308 ptum
517 2215 552 2279 in
564 2208 703 2278 modum
715 2211 814 2276 amici
826 2207 973 2291 videret,
992 2231 1200 2302 quamquam
1210 2227 1381 2280 asserente
1393 2235 1454 2280 ma·

409 2343 477 2410 tre,
496 2324 681 2419 permansit
696 2336 811 2386 tamen
828 2322 863 2386 in
880 2336 969 2388 statu
987 2323 1175 2405 servitutis,
1192 2339 1453 2418 praesentemque

411 2435 639 2506 conditionem
659 2455 747 2499 verae
767 2431 887 2522 origini
908 2435 1110 2523 anteposuit.
1130 2435 1242 2518 Quare
1261 2435 1329 2503 cito
1349 2458 1454 2503 manu

412 2551 551 2628 missus,
575 2550 725 2633 Augusto
750 2543 850 2607 etiam
872 2542 1061 2609 insinuatus
1085 2557 1154 2623 est3
1177 2567 1246 2636 quo
1270 2542 1453 2638 delegante,

413 2679 530 2726 curam
545 2650 808 2721 ordinandarum
824 2649 1103 2719 bibliothecarum
1118 2655 1153 2719 in
1167 2656 1318 2722 Octaviae
1333 2657 1455 2748 porticu

414 2768 573 2858 suscepit.
592 2770 716 2859 Atque,
736 2780 774 2829 ut
794 2766 867 2856 ipse
884 2762 1005 2845 tradit,
1025 2767 1271 2855 sexagesimum
1288 2768 1392 2834 astatis
1407 2790 1456 2834 an·

415 2901 499 2947 num
510 2899 628 2970 agens,
642 2872 774 2940 libellos
786 2876 998 2968 Ineptiarum,
1015 2875 1074 2967 qui
1085 2897 1179 2943 nunc
1189 2877 1340 2941 locorum
1352 2878 1458 2944 inscri-

414 2990 560 3068 buntur,
571 3008 774 3078 componere
784 2985 943 3051 instituit:
955 2983 1166 3079 absolvitque
1178 3001 1316 3054 centum
1329 3003 1362 3055 et
1373 2988 1458 3084 quin·

416 3102 592 3197 quaginta,
605 3094 727 3191 quibus
738 3109 772 3162 et
780 3093 863 3162 alios
874 3094 997 3163 diversi
1009 3097 1120 3188 operis
1129 3111 1245 3190 postea
1256 3096 1395 3165 addidit.
1408 3102 1459 3164 Fe·

417 3215 463 3280 cit
477 3227 511 3278 et
524 3231 650 3276 novum
664 3229 769 3298 genus
783 3209 990 3299 Togatarum
999 3214 1022 3288 ¹,
1035 3208 1273 3302 inscripsitque
1290 3208 1457 3274 Trabeatas.

464 3325 569 3390 xxa.
596 3324 642 3386 M.
659 3322 848 3386 Pouromus
861 3323 1076 3402 Mircurius,
1092 3311 1258 3387 sermonis
1270 3323 1381 3388 Latini
1394 3343 1459 3388 exa·

420 3454 493 3504 ctor
510 3431 786 3515 molestissimus,
805 3433 840 3497 in
855 3430 1072 3499 advocatione
1087 3429 1232 3524 quadam
1254 3435 1354 3519 (nam
1368 3433 1462 3498 inter·

420 3546 503 3615 dum
517 3560 551 3612 et
565 3565 682 3611 causas
694 3542 829 3633 agebat)
843 3541 1070 3610 soloecismum
1083 3541 1126 3608 ab
1138 3541 1331 3611 adversario
1344 3543 1461 3610 factum

422 3681 530 3751 usque
542 3652 626 3720 adeo
637 3675 778 3744 arguere
790 3655 1030 3744 perseveravit,
1042 3649 1153 3746 quoad
1166 3655 1301 3721 Cassius
1313 3657 1461 3735 Severus,

421 3763 642 3860 interpellatis
662 3760 851 3854 judicibus,
876 3761 1071 3830 dilationem
1093 3765 1206 3856 petiit:
1236 3781 1303 3832 «ut
1327 3763 1464 3858 litigator

456 3985 526 4040 XXI.
549 4001 571 4036 ι.
590 3985 695 4038 Novum
710 4001 791 4057 penus
808 3983 923 4056 Togata·
968 4002 1028 4055 cap.
1045 3984 1091 4052 14,
1105 3997 1131 4038 ot
1144 3985 1216 4057 Lipt.
1232 3985 1268 4040 ad
1279 3987 1364 4040 Tacit.
1375 3985 1463 4040 Anni

423 4085 479 4120 nrm
487 4088 497 4129 ‚·
518 4062 618 4117 scilicet
637 4061 797 4117 tabularum.
820 4062 924 4118 Trabea
968 4064 1018 4130 lll,
1035 4063 1079 4136 a),
1094 4063 1167 4137 quod
1178 4066 1267 4121 faceto
1279 4081 1369 4140 potest
1385 4066 1419 4120 td
1430 4069 1464 4120 iu·

423 4146 456 4199 ab
477 4141 636 4217 Equitibus,
658 4155 684 4196 et
700 4144 729 4196 in
749 4140 824 4196 luctu
844 4145 924 4196 etiam
969 4139 1240 4213 dsffandamnomiuu
1251 4145 1464 4200 novifibularnn

421 4223 595 4296 gestabantur
617 4218 697 4291 (ride
721 4238 803 4292 supra
823 4220 922 4272 Domit.
968 4225 1072 4290 generis
1085 4241 1202 4280 cansam.
