3048 5142
399 594 465 637 ano
772 569 808 633 C.
834 569 1067 635 SUETONH

398 693 581 777 modulata,
595 717 671 788 quas
687 692 789 785 vulgo
800 693 1018 778 notuerunt³,
1028 698 1130 763 etiam
1142 695 1353 787 gesticulatus
1365 717 1430 782 est,

397 830 437 874 ac
456 805 654 898 spectaculis
672 803 793 874 theatri
809 804 897 874 clam
914 806 1043 891 illatus,
1064 807 1198 876 cuidam
1215 811 1345 877 scenico
1362 810 1431 904 pla·

398 920 486 984 centi
497 919 660 984 nuncium
673 918 780 1000 misit,
797 915 913 983 «abuti
926 941 1004 985 curn
1018 917 1293 1011 occupationibus
1308 918 1428 988 4suis.»

444 1031 552 1094 XLIII
556 1080 563 1094 .
590 1029 688 1094 Initio
707 1029 818 1093 statim
833 1025 1013 1112 tumultus,
1027 1028 1134 1095 multa
1147 1045 1182 1095 et
1195 1030 1368 1112 immania,
1382 1053 1431 1097 ve·

399 1162 476 1205 rum
491 1161 560 1205 non
572 1135 787 1205 abhorrentia
803 1161 824 1203 a
842 1161 904 1204 sua
918 1153 1054 1221 natura,
1074 1137 1221 1206 creditur
1234 1137 1430 1208 destinasse:

399 1258 609 1318 successores
623 1272 908 1345 percussoresque
923 1252 1131 1318 summittere
1141 1254 1306 1319 exercitus
1319 1268 1355 1318 et
1364 1275 1422 1345 pro

398 1365 524 1430 vincias
540 1361 749 1453 regentibus,
762 1365 858 1456 quasi
875 1365 1093 1454 conspiratis,
1110 1362 1267 1457 idemque
1283 1380 1318 1430 et
1334 1387 1433 1430 unuin

399 1472 643 1541 sentientibus:
673 1472 835 1566 quicquid
863 1473 990 1567 ubique
1016 1473 1193 1556 exsulum,
1220 1471 1433 1569 quicquidiu

401 1581 492 1651 Urbe
503 1582 678 1650 hominum
689 1581 940 1654 Gallicanorum
952 1600 1055 1669 esset,
1073 1582 1326 1652 contrucidare:
1346 1582 1433 1667 illos,

401 1717 443 1760 ue
458 1690 719 1760 desciscentibus
733 1709 1011 1786 aggregarentur3
1029 1693 1108 1777 hos,
1122 1709 1161 1761 ut
1172 1695 1323 1762 conscios
1337 1711 1436 1786 popu·

401 1801 523 1869 larium
539 1793 677 1870 suorum
698 1819 799 1896 atque
819 1803 983 1872 fautores:
1004 1801 1128 1872 Gallias
1145 1801 1345 1871 exercitibus
1361 1800 1436 1869 deri·

401 1912 541 2006 piendas
548 1915 742 2005 permittere
753 1940 760 1980 ι
773 1916 932 1982 Senatum
941 1916 1139 1982 universum
1148 1936 1278 1983 veneno
1290 1937 1353 2007 per
1364 1937 1437 1980 oon·

402 2028 489 2096 vivia
508 2050 646 2094 necare:
672 2025 799 2094 Urbem
815 2025 1033 2106 incendere¹,
1052 2027 1131 2096 ieris
1149 2029 1185 2093 in
1201 2025 1367 2120 populum
1383 2029 1438 2092 im-

402 2139 529 2220 missis,
540 2161 608 2232 quo
618 2133 785 2204 difficilius
797 2133 1064 2204 defenderetur².
1076 2135 1139 2205 Sed
1150 2136 1365 2216 absterritus,
1375 2159 1438 2202 non

404 2264 473 2317 tam
487 2251 697 2341 poenitentia,
712 2273 815 2343 quam
825 2247 1021 2341 perficiendi
1031 2247 1279 2340 desperatione,
1292 2244 1438 2314 credens

404 2383 471 2453 que
489 2357 737 2451 expeditionem
754 2361 994 2446 necessariam,
1013 2356 1198 2428 Consules³
1212 2374 1291 2425 ante
1311 2374 1439 2453 tempus

405 2469 702 2561 privavitbonore,
714 2487 816 2566 atque
827 2472 862 2538 in
869 2473 1046 2565 utriusque
1055 2470 1169 2538 locum
1178 2469 1270 2538 solus
1281 2471 1357 2536 iniit
1367 2493 1440 2536 con·

407 2580 569 2662 sulatum,
583 2584 678 2676 quasi
691 2582 792 2651 fatale
804 2599 906 2665 esset,
925 2607 995 2651 non
1012 2606 1113 2675 posse
1127 2581 1251 2650 Gallias
1267 2579 1438 2664 debellari,

406 2695 470 2760 nisi
482 2717 502 2760 a
519 2717 554 2760 se
566 2694 727 2761 Consule.
747 2701 793 2761 Ac
805 2697 969 2789 susceptis
983 2694 1144 2778 fascibus,
1157 2718 1264 2789 quum
1278 2710 1357 2786 post
1367 2717 1442 2785 epu-

406 2803 456 2871 las
477 2802 620 2872 triclinio
637 2803 881 2896 digrederetur,
898 2808 1033 2875 innixus
1047 2805 1196 2873 humeris
1211 2803 1440 2885 familiarium,

398 2971 408 3000 Ι
442 3001 468 3054 3.
482 3000 636 3054 Notioenmt.
649 3002 688 3054 lta
697 3001 769 3055 dedit
778 3020 839 3053 cum
850 3001 904 3054 Ou·
952 3002 1043 3055 Urbem
1061 2987 1203 3056 incendere.
1224 3001 1306 3053 Cotti.
1321 2997 1442 3070 Xipbiliu·

408 3075 556 3148 dendorpio
576 3077 708 3146 Wolfius,
732 3099 746 3132 e
768 3081 906 3131 Memmia·
949 3099 1008 3152 cap.
1025 3098 1066 3151 ²7·

407 3175 442 3209 no
464 3157 574 3230 aliisque
596 3158 737 3213 Codicibus
759 3179 809 3231 pro
832 3160 907 3210 irino·
987 3176 1011 3211 a.
1032 3159 1089 3229 Quo
1105 3155 1241 3230 difficilius
1254 3157 1443 3229 defendentum

408 3247 523 3289 ruerunt.
951 3235 1445 3309 scilpopulusaferic,siposteasim·

443 3319 469 3386 4.
479 3317 558 3370 Abnti
562 3337 622 3369 eum
630 3319 837 3391 occupationibus
843 3319 906 3380 suin·
952 3317 1042 3368 missas
1052 3314 1121 3366 Urbs
1133 3333 1239 3386 quoque
1250 3313 1446 3381 incenderetur,

408 3393 434 3446 lr.
444 3415 466 3447 e.
476 3392 546 3446 haud
553 3395 620 3448 bene
633 3415 692 3448 euru
705 3398 806 3461 fecere,
820 3395 906 3468 quod,
951 3407 981 3445 ut
1004 3408 1073 3447 recte
1092 3393 1206 3465 explicat
1219 3391 1395 3464 Oudendorp.
1407 3391 1445 3443 Al.

407 3473 470 3525 dum
479 3475 536 3545 ipse
544 3476 776 3548 negotiispublicis
785 3475 907 3528 detentus
951 3473 1163 3545 defenderentur,
1175 3473 1231 3526 scil.
1244 3474 1320 3540 fere,
1332 3471 1359 3524 h.
1373 3492 1395 3524 e.
1411 3489 1448 3522 ar-

363 3613 376 3631 ·
408 3555 435 3604 in
444 3572 547 3606 scenam
556 3553 677 3624 prodire,
687 3568 767 3626 atque
777 3555 810 3608 de
819 3555 907 3627 palma
952 3565 1082 3604 narentur.
1098 3553 1152 3605 MS.
1164 3550 1230 3604 alter
1238 3551 1415 3624 defenderent.

408 3650 467 3682 curn
479 3649 511 3682 eo
524 3646 623 3683 certare
633 3646 762 3704 nequeat,
774 3646 863 3685 utatur
875 3651 907 3684 eo
988 3631 1013 3682 3.
1034 3629 1171 3691 Consules;
1181 3631 1210 3681 C.
1220 3629 1311 3682 Silium
1319 3628 1448 3692 Italicum,

408 3723 528 3782 tempore
544 3711 578 3762 ad
596 3712 713 3764 favorem
730 3712 824 3784 populi
842 3730 907 3763 voce
951 3707 1447 3781 poetam,etbl.Galerium'l'rachalnrn.

408 3788 624 3859 comparandum.
651 3793 688 3841 lta
710 3788 765 3841 Cic.
790 3790 822 3842 de
845 3791 906 3843 Nat.
951 3790 1013 3840 Non
1027 3789 1176 3839 meminisse
1188 3785 1293 3839 ridetur
1306 3788 1389 3840 nostri
1399 3785 1449 3838 loci

408 3867 487 3918 Deor.
503 3867 539 3931 ll,
553 3865 602 3933 60,
617 3865 691 3918 uNos
705 3866 908 3939 elephantorum
952 3866 1073 3936 Pighius,
1083 3864 1177 3918 Annal.
1188 3880 1252 3918 torn.
1261 3865 1450 3938 lll,pag.6od‚

408 3947 564 3998 acuussimis
570 3944 759 4013 sensibus,nos
766 3949 907 4017 sagacitate
953 3950 998 4017 qui
1010 3945 1074 3998 nibil
1085 3945 1118 3999 de
1128 3944 1267 3998 consulatu
1278 3946 1359 3997 solius
1371 3947 1451 3997 Nero·

297 4075 302 4086 ,
409 4043 504 4077 canum
518 4025 702 4078 adutilitatem
718 4039 830 4079 noenum
844 4029 908 4080 abn-
952 4028 1001 4079 uis.
1024 4029 1086 4080 Mox
1106 4049 1123 4079 a
1142 4046 1168 4080 se
1190 4026 1300 4080 &mute
1316 4026 1395 4079 lectio
1415 4037 1453 4077 est

410 4106 516 4158 timui.»
537 4106 615 4158 Plura
635 4105 753 4178 exempla
775 4125 859 4179 quere
880 4109 907 4158 in
953 4124 1101 4178 paucorum
1114 4104 1215 4171 Codd.‚
1240 4106 1275 4158 ab
1289 4107 1409 4158 Ernestio
1428 4117 1452 4155 et

409 4185 518 4236 lexicis.
952 4185 1076 4240 Oudend.
1085 4199 1203 4258 recepta,
1214 4205 1265 4258 pro
1274 4183 1345 4258 vulg.
1359 4205 1375 4236 a
1387 4187 1453 4238 Gon·

445 4263 533 4317 111111.
557 4282 577 4316 ι.
593 4265 741 4318 Senatum..
751 4303 785 4317 ...
802 4283 906 4318 necare.-
953 4261 1016 4318 sule.
