3066 5148
408 527 451 592 62
781 525 821 589 C.
844 521 1078 590 suenoni!

406 657 536 750 quiete,
553 650 612 720 sed
625 648 748 743 pavido
759 651 853 716 miris
867 671 982 718 rernm
998 648 1218 742 imaginihus,
1237 665 1279 718 ut
1291 653 1351 746 qui
1369 654 1452 720 inter

406 781 553 846 ceteros,
575 760 687 856 pelagi
710 757 883 854 quendem
903 761 1050 850 speciem
1069 758 1319 854 colloquentem
1340 785 1452 830 seeum

407 876 522 944 videre
535 876 627 941 visus
642 874 695 938 sit
716 868 865 965 Ideoque
883 889 1007 962 magno
1022 885 1119 964 porte
1134 874 1248 938 noctis
1259 871 1383 964 uigilia
1399 896 1453 940 cu.

406 985 576 1082 bandique
594 983 712 1064 toedio,
728 1005 822 1051 nunc
838 997 913 1048 toro
931 978 1098 1063 residens,
1112 1005 1205 1049 nune
1223 1005 1286 1076 per
1299 983 1454 1076 longissi-

405 1122 480 1166 mas
492 1097 639 1190 porticus
651 1115 772 1184 vagtis,
784 1095 942 1160 invocare
952 1089 1136 1158 identidem
1146 1107 1248 1185 etque
1260 1109 1454 1185 euspemere

407 1210 520 1278 iucem
534 1218 723 1275 consueret.

454 1328 510 1389 Li.
528 1325 603 1388 Non
616 1319 784 1386 immerito
792 1317 917 1383 mentis
930 1311 1113 1382 valetudini
1127 1315 1335 1384 attribuerim
1347 1315 1454 1384 diver·

407 1435 540 1500 sissimo
550 1433 586 1498 in
598 1427 717 1497 eodem
729 1428 824 1507 vitis,
842 1449 1010 1494 summm
1023 1424 1278 1509 confidentiam,
1291 1442 1327 1494 et
1339 1445 1455 1495 eontra

409 1547 552 1611 nimium
561 1555 702 1608 metum.
714 1541 801 1604 Nom
814 1538 874 1630 qui
885 1542 973 1604 Deos
987 1551 1081 1602 tanto
1093 1557 1195 1628 opere
1202 1513 1454 1622 contemneret,

403 1655 452 1722 ed
471 1656 607 1721 minime
628 1652 775 1718 tonitrua
792 1663 826 1715 et
845 1645 981 1738 fulgura
998 1649 1198 1730 connivere,
1219 1662 1322 1740 caput
1342 1647 1456 1716 obvol·

409 1787 506 1846 vere,
521 1761 565 1829 ed
577 1783 659 1830 vero
669 1755 815 1851 majoro¹
831 1759 1003 1850 proripere
1018 1779 1054 1824 se
1066 1772 1218 1840 estroto,
1235 1758 1300 1825 sub
1316 1757 1457 1826 lectum-

409 1897 477 1971 que
496 1872 641 1942 condere
663 1869 801 1940 solebat.
824 1871 1094 1962 Peregrinatione
1115 1867 1252 1964 quidem
1273 1870 1455 1953 Sieiliensi,

409 1989 515 2054 irrisis
532 1981 718 2052 multorum
734 1980 886 2050 locorum
903 1979 1090 2063 mirteulis,
1110 1996 1249 2072 repente
1262 2003 1284 2048 a
1298 1986 1456 2049 Messene

410 2115 512 2166 noctu
527 2095 690 2189 profugit,
705 2095 824 2160 AEttraei
837 2094 989 2160 verticis²
1003 2092 1097 2158 fumo
1111 2115 1153 2159 sc
1165 2115 1343 2160 murmure
1353 2117 1456 2186 pave·

409 2209 527 2275 fectus.
542 2203 710 2272 Adversus
725 2201 886 2271 barbaros
900 2223 1037 2296 quoque
1050 2203 1332 2287 minacissimus³‚
1347 2225 1456 2295 qutun

409 2337 502 2386 trens
513 2317 668 2386 Rhenum
678 2317 766 2381 inter
779 2315 951 2406 engtrsties
964 2311 1175 2408 densumque
1190 2333 1312 2404 egenen
1328 2315 1394 2380 iter
1408 2335 1458 2380 es·

406 2416 640 2507 subiaceret,
653 2423 783 2492 dicente
795 2420 960 2517 quodem,
978 2445 1071 2489 anon
1082 2421 1287 2490 mediocrem
1297 2423 1371 2498 iore
1379 2445 1458 2490 oon

412 2539 670 2617 sternationem,
694 2531 832 2601 sicunde
855 2531 960 2599 hostis
983 2548 1186 2626 appareant
1213 2555 1342 2626 equum
1365 2531 1457 2600 illico

405 2646 621 2730 conscendit,
636 2669 676 2712 ac
693 2668 838 2737 propere
856 2666 973 2711 versus
989 2641 1032 2708 ad
1046 2659 1184 2735 pontes,
1204 2660 1243 2710 ut
1256 2667 1313 2710 eos
1328 2641 1457 2711 caloni·

410 2764 473 2832 bus
492 2775 526 2829 et
545 2756 792 2852 impedimentis
813 2759 951 2848 stipatos
972 2758 1111 2848 reperit,
1134 2757 1312 2846 impatiens
1332 2777 1456 2839 morte,

409 2897 470 2969 per
486 2891 606 2939 monus
619 2891 659 2935 oc
673 2891 777 2960 super
789 2869 898 2960 mpitn
909 2864 1085 2934 hominum
1096 2865 1280 2933 translatus
1294 2881 1357 2934 est.
1375 2871 1458 2934 Mox

404 2988 526 3066 etiem,
543 2975 658 3048 audito
676 2975 860 3045 rebellione
878 2975 1103 3059 Gemaniaet,
1121 2977 1236 3068 fugam
1254 2992 1289 3044 et
1306 2975 1457 3044 subsidio
1524 3039 1527 3044 r

405 3099 496 3188 ingre
505 3147 513 3176 ,
522 3093 650 3160 classes
662 3089 865 3184 apparebam
880 3114 949 3156 uno
963 3088 1082 3157 solatio
1094 3092 1331 3185 acquiescens,
1348 3106 1458 3158 trans·

405 3207 554 3273 uterinos
575 3217 664 3269 certe
686 3199 748 3268 sibi
770 3198 1005 3293 superfuturas
1026 3201 1235 3293 provincias,
1261 3199 1290 3266 si
1312 3201 1457 3266 victores

407 3461 462 3516 qun
477 3443 560 3493 forme
571 3437 698 3510 singulari
708 3439 767 3508 jure
783 3437 910 3490 dnhitnn·
988 3439 1013 3492 3.
1033 3438 1159 3492 Adoersus
1166 3440 1287 3492 tanam
1297 3441 1460 3512 quoqnenn'·

406 3538 462 3574 tent
476 3519 535 3571 vide
547 3517 669 3571 Oudend.
681 3517 797 3568 adhunc
809 3516 907 3570 iocum.
952 3519 1115 3584 norissimus,
1130 3533 1180 3570 eto.
1199 3519 1284 3571 Tacit.
1299 3519 1390 3571 Germ.
1411 3519 1459 3588 37,

365 3645 369 3655 ,
445 3595 908 3668 Li.1.Adoeromajorn,etc.Dis-
956 3601 1098 3669 «Ingentes
1115 3595 1143 3649 C.
1159 3597 1268 3650 Ceteris
1282 3599 1401 3650 minein
1417 3597 1460 3650 in·

408 3679 491 3749 plicet
497 3695 568 3741 vero,
578 3674 648 3747 quod
655 3675 730 3727 obest
737 3671 770 3724 ab
778 3692 832 3725 uno
840 3671 906 3726 Coti.
950 3675 1066 3729 dibriurn
1080 3695 1189 3730 verere.-

410 3757 550 3808 Aliinliter.
560 3755 683 3808 Heinsius
690 3755 905 3824 corrigit,otoern
987 3757 1012 3824 4.
1035 3757 1189 3809 Gemonios.
1200 3758 1302 3824 Fuere,
1315 3758 1362 3829 qui
1376 3769 1461 3808 mnte-

405 3835 445 3887 nd
454 3837 562 3907 majora.
952 3847 1007 3886 tum
1026 3835 1124 3888 velient
1142 3837 1170 3886 in
1190 3837 1402 3901 Germanorum,
1422 3834 1459 3886 ob

447 3933 472 3966 α.
490 3911 588 3966 AEtnoei
600 3909 711 3978 verticis,
723 3923 773 3964 ete.
786 3911 921 3963 Tumens
953 3929 1066 3984 sequens
1085 3913 1206 3980 victores,
1224 3914 1394 3966 immemores
1409 3931 1461 3964 no·

409 3994 518 4046 Advert·
526 3993 637 4057 xxvn,
647 4009 694 4058 oo,
704 4011 718 4044 e
727 4006 830 4045 venneto
839 3991 906 4044 Cod.
952 3993 1055 4044 tissime
1066 3994 1221 4044 Latinorum
1237 3992 1460 4056 consuetudinis,

409 4071 503 4124 rueiuit
525 4071 644 4134 muris,
667 4069 741 4141 qnod
758 4084 819 4142 poet
838 4071 906 4124 Gro-
952 4091 1031 4143 quern
1043 4075 1149 4144 synesin
1160 4087 1267 4125 vocant.
1284 4074 1349 4125 Mox
1365 4085 1459 4125 certet

408 4169 470 4203 noe.
499 4149 705 4222 comprobarunt
733 4149 904 4222 Oudendorp.
951 4148 1035 4201 tribus
1047 4149 1177 4202 Torrentii
1187 4150 1274 4204 codd.
1286 4154 1459 4204 restituerunt

410 4231 548 4284 Ruhnken.
562 4227 686 4284 wolfius.
951 4227 1074 4282 Oudend.
1088 4243 1114 4282 et
1125 4231 1228 4282 Ernest.
