3054 5152
403 535 466 604 106
773 535 809 598 (L
834 533 1068 600 SUETONH

398 662 442 730 ad
460 657 729 728 subveniendum
746 659 899 728 hortatus
919 675 984 744 est,
1002 675 1248 752 representans
1262 683 1326 752 pro
1343 683 1436 753 opem

399 773 535 866 dignam
549 774 670 867 cuique
681 771 884 840 mercedem.
900 773 1030 840 artiore
1041 787 1155 838 autem
1171 769 1436 840 annonatobas

400 882 513 952 siduas
522 883 730 968 sterilitates,
740 882 895 952 detentus
906 881 1078 978 quondum
1086 881 1198 951 medio
1208 882 1435 962 somatum,

399 997 623 1092 conviciisque
641 1012 675 1063 et
692 994 794 1064 simul
812 993 1033 1087 fragminibus
1053 996 1151 1087 punis
1169 995 1215 1061 ita
1233 993 1436 1076 ⁵infestatus,

399 1122 438 1174 ut
452 1129 556 1198 aegre,
572 1129 636 1173 nec
648 1107 713 1173 nisi
729 1107 874 1198 postico,
890 1100 1031 1173 evadere
1049 1106 1084 1171 in
1103 1103 1270 1172 Palatium
1285 1102 1437 1186 vuluerit,

399 1217 483 1286 nihil
495 1243 564 1286 non
578 1243 620 1288 ex
634 1242 674 1286 eo
688 1215 904 1312 excogitavit⁶
921 1215 965 1284 ed
979 1215 1187 1285 invehendus
1199 1218 1303 1284 etiam
1319 1219 1354 1282 in
1366 1230 1437 1282 tem·

399 1353 483 1421 pore
501 1325 642 1396 biberno
663 1343 882 1396 commeatus.
904 1332 998 1394 Nam·
1016 1342 1050 1394 et
1071 1325 1339 1419 negotiatoribus
1358 1339 1439 1393 certa

400 1440 495 1521 lucra
512 1442 702 1534 proposuit,
721 1455 884 1533 suscepto
895 1441 931 1506 in
950 1460 991 1506 se·
1004 1433 1149 1520 damno,
1167 1439 1196 1506 si
1214 1439 1272 1506 cui
1290 1433 1371 1532 quid
1386 1457 1440 1528 per

401 1567 616 1644 tempestates
633 1550 822 1635 accidisset,
839 1567 874 1618 et
890 1573 993 1618 naves
1011 1564 1210 1618 mereaturae
1229 1571 1335 1616 cause
1351 1545 1440 1614 fabri·

400 1664 554 1732 cantibus
572 1688 694 1757 magna
711 1662 889 1732 commoda
907 1663 1096 1744 constituit,
1115 1663 1242 1748 (XIX.)
1257 1685 1323 1754 pro
1339 1655 1441 1726 eundi·

402 1777 492 1842 tione
508 1773 694 1872 cujusque:
712 1778 809 1857 civit,
827 1775 1036 1856 vacationem
1054 1771 1136 1862 legis
1155 1773 1268 1864 Papiae
1285 1776 1441 1862 Poppaeae3

402 1937 490 1990 babile
500 1957 531 1991 er
540 1939 652 2010 August.
663 1938 904 2010 3o.—Reproesett·
986 1934 1010 1986 5.
1032 1931 1182 2003 Infestutut.
1201 1932 1240 1983 lta
1257 1932 1363 1984 stem.
1382 1928 1441 1985 libet

403 2027 504 2069 tenses
520 2019 627 2089 optimis
643 2014 730 2070 Codd.
745 2029 771 2068 et
784 2014 844 2068 edd.
860 2033 903 2068 re·
948 2010 1055 2084 aliique.
1069 2008 1137 2064 Vide
1148 2009 1342 2081 Oudendorp,
1354 2010 1397 2082 qui
1406 2025 1442 2058 re·

402 2098 546 2148 stituerunt
565 2097 707 2148 burmann.
731 2107 757 2146 et
778 2093 901 2147 Oudend.
947 2087 1014 2141 felfit
1040 2091 1238 2154 bumannum,
1265 2085 1442 2140 defendentem

402 2193 451 2248 pro
466 2186 701 2248 representatum.
715 2203 750 2214 -
762 2173 815 2227 Pro
825 2190 902 2245 opera
947 2167 1018 2238 vulg.
1030 2168 1360 2238 iustruutsutenquisitins.
1372 2167 1440 2220 Oros.

402 2268 473 2306 recte
491 2257 659 2326 interpretari
677 2252 853 2325 Oudendorp.
870 2251 903 2304 de
948 2250 1011 2320 vil,
1027 2249 1061 2316 6,
1079 2250 1231 2320 ·Sequeuti,·
1244 2267 1317 2302 suno
1333 2244 1442 2318 (imperii

403 2332 484 2386 modo
498 2346 524 2386 et
534 2336 709 2406 proportione
721 2350 808 2402 operte
820 2332 847 2382 iu
861 2349 906 2381 ex·
949 2327 1043 2383 Claud.
1054 2329 1210 2400 undecimo)
1224 2341 1301 2380 tanta
1313 2329 1391 2379 fames
1400 2327 1442 2375 Re·

403 2414 562 2484 stinguendo
574 2414 697 2467 incendio
709 2413 846 2479 adbibitus,
856 2412 904 2464 do·
948 2429 996 2462 mse
1005 2410 1071 2477 fuit,
1083 2423 1112 2461 ut
1124 2408 1212 2461 medio
1223 2409 1297 2461 Foro
1308 2409 1442 2478 imperator

404 2507 459 2559 cet,
474 2493 547 2565 quod
560 2511 668 2545 monere
682 2491 728 2544 itte
737 2491 904 2563 neglexerat,
949 2501 1085 2560 correptus
1107 2507 1123 2540 e
1141 2489 1244 2560 populu
1264 2487 1404 2548 conviciis,
1420 2493 1443 2534 et

403 2570 523 2624 additum
535 2571 651 2645 dfpnom.
949 2565 1125 2638 fragminibus
1135 2569 1213 2638 penis
1226 2568 1375 2638 turpissime
1383 2563 1444 2616 infe·

440 2651 466 2718 4.
485 2651 587 2703 Artiore
604 2663 692 2704 autem
710 2667 833 2716 annona,
854 2663 903 2701 etc.
950 2663 1047 2715 status,
1061 2667 1128 2720 egre
1142 2667 1190 2720 per
1200 2646 1406 2720 pseudothyrum
1419 2645 1443 2694 itt

404 2731 446 2783 Cf.
456 2731 507 2782 Dio
516 2769 525 2796 ‚
533 2731 595 2798 Lx,
606 2748 650 2797 rr,
662 2729 695 2781 ud
706 2749 767 2782 ann.
776 2728 836 2802 795.
847 2731 905 2782 Huc
949 2731 1078 2783 Palatium
1099 2730 1233 2800 refugiens
1252 2731 1369 2782 furorem
1381 2725 1444 2778 etci-

405 2821 492 2862 tamen
501 2809 582 2880 magis
590 2810 713 2880 pertinet,
721 2806 904 2879 quodadann.
949 2822 1008 2862 tate
1022 2807 1106 2880 piebis
1117 2811 1262 2875 eraserit‚·
1278 2801 1443 2881 quifocutob

406 2887 456 2942 805
472 2889 556 2941 Tacit.
571 2887 666 2941 annal.
677 2890 741 2956 xil,
751 2888 785 2955 43
798 2911 805 2940 :
820 2889 906 2939 «Fru-
950 2905 1003 2943 tres
1020 2909 1116 2944 causas
1132 2889 1231 2943 cottam
1249 2888 1363 2959 dignun
1379 2881 1444 2957 quod

405 2985 467 3038 gum
478 2985 585 3040 quoque
597 2979 749 3037 egestam&
761 2978 817 3018 orta
829 2982 861 3018 ex
873 2983 905 3018 eo
951 2970 1108 3042 comprobet
1132 2967 1274 3022 lectionem
1300 2967 1441 3039 infestatus,

404 3048 504 3113 fumes,
514 3050 541 3099 in
550 3045 702 3118 prodigium
715 3044 903 3116 accipiebatur.
952 3049 1023 3122 quod
1037 3049 1149 3120 explieat
1158 3049 1277 3101 Suetonii
1287 3063 1393 3116 zeugma
1401 3039 1444 3095 ad·

405 3128 462 3179 Nee
479 3126 578 3180 occulti
595 3139 697 3178 tuntum
716 3137 841 3197 questus,
860 3123 906 3176 sed
936 3128 1008 3180 dito
1023 3127 1104 3179 altero
1116 3126 1197 3179 verbo
1210 3138 1356 3198 correptus,
1368 3134 1443 3192 etpo-

404 3208 462 3276 jura
474 3205 628 3258 reddentem
640 3203 783 3257 Claudium
794 3205 906 3255 eircum-
950 3207 1104 3276 sticumper
1111 3206 1325 3278 psettdotbytum.

404 3305 493 3339 rasere
514 3285 673 3340 clamoribus
694 3283 829 3349 turbidis,
848 3282 908 3354 pul·
986 3283 1011 3336 6.
1031 3285 1110 3337 Ntttt
1123 3303 1176 3337 non
1191 3303 1223 3338 ex
1236 3303 1267 3336 eo
1282 3279 1443 3358 excogitarat,

406 3383 517 3437 sumque
531 3368 558 3417 in
573 3379 713 3418 extremum
728 3366 789 3416 Furi
804 3377 907 3434 purtem
951 3378 1002 3416 etc.
1011 3366 1050 3415 ita
1058 3362 1129 3416 edidi
1136 3383 1198 3416 cum
1205 3363 1331 3418 Oudend.
1339 3370 1444 3414 exacutt

406 3447 431 3498 ri
443 3445 589 3515 urgebant,
601 3443 688 3495 donec
702 3443 813 3495 militum
824 3441 906 3512 globo
951 3443 1094 3494 Burmanni
1106 3446 1277 3514 conjectura,
1293 3459 1370 3512 quarn
1382 3453 1446 3489 cotn-

406 3527 525 3578 infensos
538 3526 666 3595 perrupit.
680 3522 839 3589 Quindecim
852 3519 908 3573 die·
950 3519 1047 3593 probat
1062 3519 1129 3574 slter
1144 3521 1210 3574 Cod.
1228 3522 1347 3591 Optimi,
1366 3507 1445 3567 «nibil

407 3621 465 3656 rum
477 3602 601 3655 alimenta
615 3601 696 3670 Urbi,
710 3621 764 3654 non
780 3603 908 3672 amplius,
951 3621 1005 3655 uun
1020 3621 1051 3655 ex
1066 3621 1098 3654 eo
1112 3602 1274 3676 copituvt't„
1289 3599 1360 3654 nude
1372 3595 1445 3670 pleri·

407 3685 568 3756 superfuisse
595 3683 733 3750 constitit,
761 3699 907 3754 magosque
953 3677 1443 3752 quefeeere·nibiinouescogitarit.·

406 3765 491 3816 Deum
500 3760 909 3834 benignitate,etmodestiahie·
951 3751 1447 3830 Sedbeudtemereebjiciendumride·

407 3846 470 3911 ruis,
484 3842 563 3896 rebus
577 3844 699 3895 extremis
714 3842 905 3894 subventum·
953 3840 1212 3904 turomuiunterteo‚
1224 3855 1305 3909 quum
1315 3828 1446 3909 probante

347 3981 352 3993 ᾗ
406 3922 556 3994 Deduplici
565 3917 649 3988 fame,
665 3941 722 3993 quae
732 3924 758 3973 in
769 3921 908 3992 imperium
953 3918 1005 3983 sit,
1027 3929 1184 3987 corruptum
1205 3915 1294 3968 iocum
1313 3911 1402 3967 rocsb.
1422 3923 1447 3959 te

407 4001 510 4056 Claudii
523 4000 632 4068 incidit,
650 4014 677 4052 et
691 4001 782 4065 tertie,
796 4017 849 4070 qua
862 4001 908 4052 Ju·
954 3997 1143 4067 excipientium
1156 3993 1337 4049 similitudine.

406 4079 462 4133 dteu
474 4093 566 4134 vexata
578 4093 616 4132 est
631 4077 756 4150 (Josepb.
769 4079 834 4144 XX,
853 4095 866 4130 a
883 4091 909 4132 et
990 4095 1016 4148 7.
1037 4078 1107 4140 Gt'vt'5
1118 4076 1146 4128 b.
1157 4097 1181 4129 e.
1192 4095 1240 4149 pto
1252 4073 1399 4128 conditione
1408 4081 1448 4116 ω·

408 4161 513 4223 5;tet.
525 4163 575 4231 tp.
588 4159 641 4224 xl,
655 4159 717 4226 ab),
730 4171 855 4212 accurate
866 4177 908 4211 ex·
946 4161 1060 4232 jusque,
1076 4172 1158 4229 prout
1174 4159 1254 4222 civis,
1271 4155 1312 4210 tel
1329 4153 1447 4208 tronus,

407 4241 483 4310 ponit
497 4238 598 4294 Fabric.
613 4237 647 4292 ad
661 4240 740 4292 Dion.
753 4237 770 4290 l.
782 4255 806 4290 c.
954 4237 995 4290 rel
1013 4240 1236 4310 sequiorissetus
1249 4247 1345 4290 essent.
1363 4235 1446 4298 toepte
