3054 5152
378 595 439 673 134
505 641 507 646 ,
748 591 782 654 c.
808 589 1040 656 susrouu

418 722 536 788 XXXI.
562 716 762 785 Valetudine
781 719 867 785 sicut
885 717 966 784 olim
984 719 1091 810 gravi,
1110 720 1156 784 ita
1172 721 1332 811 Princeps
1348 742 1418 811 per·

368 852 535 922 prospera
547 850 629 894 usus
644 843 711 908 est,
727 843 866 919 excepto
884 824 1048 893 stomachi
1065 825 1197 910 dolore,
1212 850 1281 921 quo
1298 851 1334 894 se
1351 851 1419 895 cor·

371 956 505 1032 reptum
518 938 617 1005 etiam
629 933 672 1002 de
683 934 923 1004 consciscenda
933 953 1041 1003 morte
1054 938 1216 1029 cogitasse
1228 935 1323 1004 dixit.

418 1055 555 1118 XXXII.
580 1049 740 1116 Convivia
753 1050 891 1139 agitavit
907 1063 940 1114 et
953 1046 1065 1141 ampla
1084 1065 1117 1116 et
1132 1046 1283 1130 assidua,
1299 1073 1340 1116 ac
1351 1049 1433 1116 fere·

371 1163 610 1255 patentissimis
629 1159 727 1240 locis,
748 1175 786 1225 ut
803 1159 1005 1254 plerumque
1024 1163 1229 1228 sexcenteni¹
1251 1159 1353 1227 simul
1371 1159 1421 1226 di-

372 1273 597 1342 scumberent.
614 1273 816 1340 Convivatus
835 1287 887 1337 est
904 1287 938 1338 et
954 1295 1056 1364 super
1074 1273 1284 1339 emissarium
1304 1273 1422 1338 Fucini

371 1382 501 1466 lacus²,
519 1407 559 1450 ac
573 1406 670 1475 paene
687 1405 910 1464 summersus,
928 1405 1034 1475 quum
1050 1384 1173 1449 emissa
1187 1384 1318 1474 impetu
1331 1406 1421 1476 aqua

371 1493 603 1562 redundasset.
619 1491 807 1559 Adhibebat
825 1495 918 1559 omni
937 1517 1041 1560 coenae
1059 1509 1094 1560 et
1111 1492 1234 1559 liberos
1249 1516 1328 1560 suos
1341 1515 1423 1560 cum

371 1608 485 1700 pue'ris
508 1604 697 1699 puellisque
717 1601 903 1686 nobilibus,
928 1606 986 1698 qui
1006 1627 1101 1670 more
1120 1607 1227 1671 veteri
1247 1601 1291 1670 ad
1312 1602 1423 1670 Iiilcra

371 1712 555 1784 lectorum³
584 1713 738 1782 sedentes
760 1729 987 1781 vescerentur.
1015 1714 1208 1798 eonvivaet,
1233 1715 1291 1810 qui
1311 1711 1423 1807 pridie

371 1825 538 1921 scyphum
556 1848 697 1892 aureum
714 1826 914 1917 surripuisse
927 1823 1190 1906 existimabatur,
1209 1841 1367 1892 revocato
1386 1826 1422 1890 in

372 1937 459 2006 diem
475 1953 665 2031 posterum,
683 1935 821 2003 calicem
838 1936 975 2004 fictilem
991 1939 1156 2030 apposuit
1176 1939 1306 2005 Dicitur
1319 1938 1424 2003 etiam

372 2048 551 2118 meditatus
563 2047 728 2129 edictum,
746 2071 838 2142 aquo
848 2049 980 2116 veniam
993 2047 1102 2132 daret,
1115 2047 1233 2116 ilatum
1246 2051 1424 2140 crepitum·

372 2185 438 2255 que
460 2161 583 2228 ventris
600 2162 635 2248 in
651 2161 804 2225 convivio
819 2157 1035 2240 emittendi3»
1053 2183 1176 2254 quum,
1192 2157 1423 2253 periclitatum

373 2271 554 2365 quemdam
565 2294 636 2362 prae
647 2268 778 2361 pudore
789 2295 830 2336 ex
843 2273 1062 2351 continentia,
1075 2273 1265 2362 reperisset.
1303 2282 1305 2286 ’

419 2384 572 2447 XXXIII.
597 2379 669 2446 Cibi
687 2382 825 2475 vinique
842 2405 1046 2476 quocunque
1068 2397 1102 2448 et
1120 2397 1273 2474 tempore
1291 2395 1325 2447 et
1345 2378 1423 2448 loco

373 2493 679 2584 appetentissimus
692 2495 905 2582 cognoscens
921 2492 1092 2588 quondam
1107 2493 1142 2558 in
1158 2493 1299 2583 Augusti
1315 2495 1422 2571 Foro,

373 2607 525 2698 ictusque
545 2601 663 2670 nidore
683 2601 837 2694 prandii,
861 2601 951 2698 quod
975 2607 1010 2670 in
1033 2605 1186 2696 proxima
1207 2603 1326 2669 Martis
1349 2599 1423 2668 aede

374 2713 468 2782 Saliis
483 2711 725 2807 apparabatur¹
736 2767 744 2796 ,
756 2711 890 2782 deserto
903 2713 1080 2798 tribunali,
1094 2711 1245 2781 ascendit
1255 2712 1299 2780 ad
1312 2737 1424 2781 sacer-

409 2955 514 3007 XXXII.
533 2973 555 3008 t.
572 2955 734 3008 Sexceuteni.
751 2957 823 3028 Lips.
842 2958 875 3008 ad
919 2977 998 3030 quam
1021 2956 1146 3029 produxit
1168 2954 1295 3010 Oudend.
1322 2975 1425 3009 «more

373 3036 457 3086 Tacit.
472 3035 568 3088 Annal.
584 3038 634 3101 Vl,
654 3054 699 3106 19,
714 3039 822 3108 corrigit
834 3057 875 3090 se·
918 3035 1312 3103 veteri...sedentesvesceuti,a
1323 3037 1424 3088 omisso

372 3116 476 3187 xaqeui.
489 3113 541 3168 Sed
554 3113 598 3167 bic
610 3133 733 3168 numerus
748 3116 819 3169 haud
831 3119 874 3168 ni·
919 3117 973 3186 qui.
989 3115 1126 3182 Ceterum,
1143 3115 1203 3168 vide
1223 3134 1280 3186 quae
1299 3113 1425 3168 demere

374 3197 423 3249 rnIs
437 3194 540 3267 amplus
555 3197 583 3246 in
596 3200 717 3250 convivio
731 3201 875 3269 imperato·
919 3195 966 3247 illo
981 3197 1053 3268 Lips.
1072 3196 1105 3248 ad
1120 3195 1200 3247 verba
1212 3195 1312 3260 Taciti,
1324 3195 1425 3246 Annal.

373 3276 425 3336 ris,
439 3287 465 3326 et
476 3275 659 3347 patentissimis
676 3276 738 3330 Iocis
751 3278 876 3330 conviva·
919 3277 995 3342 XIII,
1014 3277 1061 3342 16,
1077 3295 1155 3327 «mos
1170 3274 1330 3340 habebatur,
1345 3276 1426 3327 Prin-

375 3368 447 3420 tum‚
460 3353 558 3406 diserte
571 3354 645 3407 addit
657 3371 759 3409 auctor.
920 3356 1010 3426 cipum
1032 3353 1131 3406 liberos
1154 3373 1216 3405 curn
1236 3355 1330 3405 ceteris
1352 3352 1425 3405 idem

412 3449 436 3482 2.
460 3433 497 3483 Et
516 3451 590 3504 super
608 3434 765 3486 emissarium
784 3435 877 3486 Fucini
920 3435 1003 3484 cctatIs
1019 3433 1153 3484 nobilibus
1164 3433 1285 3485 sedentes
1299 3433 1426 3498 vesci,in

375 3511 460 3576 lacus,
474 3525 524 3563 etc.
542 3512 626 3566 Tacit.
639 3513 734 3565 Annal.
751 3516 815 3580 XII,
833 3513 877 3582 57,
921 3511 1049 3582 adspectu
1067 3515 1297 3584 propinquorum,
1315 3513 1427 3583 propria

378 3613 388 3635 u
400 3591 462 3659 quin
477 3602 502 3640 et
512 3592 676 3656 convivium,
687 3592 793 3645 effluvio
803 3593 876 3645 lacus
921 3606 947 3644 et
959 3595 1078 3662 parciore
1092 3611 1191 3644 mensa.
1204 3616 1214 3639 ιι

375 3669 545 3739 appositum,
556 3687 649 3738 magna
661 3670 799 3723 formidine
813 3689 876 3722 cun·
957 3671 981 3737 4.
993 3673 1121 3737 Conviuoe,
1133 3685 1182 3722 etc.
1196 3671 1226 3722 T.
1237 3671 1347 3724 Vinium
1358 3671 1429 3722 fuis-

376 3761 434 3798 ctos
444 3748 548 3809 eliacim
560 3748 620 3818 quia
630 3749 668 3800 vis
680 3767 807 3818 aquarum
818 3769 878 3820 pro·
922 3769 964 3816 se,
980 3749 1077 3801 docent
1095 3749 1228 3800 Plutarch.
1242 3749 1320 3800 Gall).
1336 3765 1385 3815 ια,
1401 3763 1428 3801 et

375 3845 501 3896 rumpens
520 3828 640 3897 proxima
659 3827 796 3894 trahebat,
811 3848 876 3880 con·
921 3830 1005 3880 Tacit.
1017 3831 1082 3880 HIst.
1095 3832 1122 3895 I,
1134 3828 1185 3895 48,
1200 3828 1312 3883 «Servili
1323 3827 1429 3900 probro

375 3903 455 3956 vulsis
471 3902 655 3971 ulterioribus,
675 3919 720 3956 aut
733 3907 837 3976 fragore
851 3920 878 3958 et
921 3927 1059 3978 respersus
1078 3922 1132 3975 est,
1150 3923 1280 3981 tanquam
1295 3907 1429 3981 scyphum

376 3985 465 4034 sonitu
478 3983 615 4034 exterritis.
627 4007 638 4030 ι
922 3986 1429 4050 aureuminconvivioclaudiifuratus;

413 4063 437 4113 3.
458 4064 501 4113 Ad
505 4062 597 4134 fulcra
615 4063 747 4118 lectorum.
765 4066 875 4136 August.
923 4066 1430 4138 etClaudIusposteradIesoliomnium

377 4143 427 4208 64,
447 4143 475 4194 iu
495 4143 547 4193 imo
566 4142 640 4197 lecto.
658 4145 708 4214 Qui
722 4157 879 4198 vescerentur
921 4147 999 4197 Vinio
1021 4146 1146 4200 fictilibus
1172 4149 1313 4200 ministrari
1335 4150 1429 4218 jussit.

377 4236 417 4272 est
432 4224 504 4288 uita,
518 4235 575 4274 ut...
589 4237 786 4276 vescerentur.»
800 4226 877 4296 Egre-
958 4226 1074 4277 XXXIII.
1092 4242 1113 4278 1.
1127 4227 1241 4296 Quod...
1250 4227 1333 4280 Saliis
1344 4247 1431 4300 appa-

376 4302 420 4370 pia
440 4316 526 4353 autern
544 4302 622 4354 lectio
641 4303 759 4374 plurium
775 4304 876 4373 coda,
923 4306 1032 4357 robatur.
1055 4305 1212 4358 Pontificum
1235 4325 1326 4359 coenas
1349 4306 1430 4359 valde
