3076 5146
388 546 879 628 axonnsnsx11,x111.
1013 611 1015 616 ,
1094 554 1154 639 491

112 675 216 730 albatos
230 676 363 727 ministros
374 672 499 739 baberet,
513 675 581 726 sicut
590 675 682 739 Titus,
695 686 721 724 ct
733 674 805 744 ipse,
821 672 863 723 oia
874 671 987 741 tepenti,
999 672 1077 740 dixit,
1088 691 1161 727 nono-

109 755 220 823 snpaen's.
234 758 305 825 Ergo
322 754 454 826 particeps
466 755 569 823 imperii
584 755 648 819 fuit,
665 765 691 805 et
708 771 736 805 ae
752 771 810 805 esse
822 765 971 806 consortem
983 755 1086 825 imperii
1103 773 1162 807 cre-

110 834 187 887 didit.
205 834 293 902 Quid?
306 833 393 905 quod,
411 837 470 885 viro
483 831 571 885 adhuc
589 846 677 905 patre,
693 832 891 906 quodammodo
906 836 1039 906 particeps
1058 836 1163 906 imperii

111 915 173 965 fuit.
186 916 278 986 ltaque
287 915 369 979 infra,
384 933 408 965 c.
419 931 449 982 9,
460 915 536 965 initia
545 915 601 982 ejus
608 927 746 984 ponuntur
755 915 782 964 in
792 915 923 988 principio
934 915 1038 985 imperii
1048 917 1161 985 paterni.

110 995 200 1062 Quam
212 1013 277 1066 ergo
292 994 392 1046 diceret
403 1006 563 1046 testamento
577 992 696 1044 fraudem
714 992 875 1060 adhibitam,
886 1013 934 1066 per
947 993 1019 1065 qnod
1031 996 1163 1066 particeps

111 1075 216 1144 imperii
228 1092 286 1126 csse
300 1072 452 1125 debuisset?
465 1075 560 1146 Neque
574 1072 689 1144 denique
704 1073 920 1142 volebat,Titum
937 1093 992 1126 non
1007 1077 1163 1146 participem

112 1171 171 1206 esse
183 1155 303 1225 imperii,
317 1153 364 1206 sed
376 1171 430 1204 non
442 1155 596 1225 principem.
609 1151 729 1218 Scilicet,
743 1167 788 1220 nt,
801 1167 875 1225 patre
884 1154 961 1221 vivo,
973 1155 1048 1206 Titus
1059 1155 1163 1225 imperii

111 1233 248 1305 particeps
263 1235 369 1298 fuisset,
383 1231 492 1298 sedita,
510 1246 541 1284 ut
554 1245 630 1304 pater
644 1234 728 1304 major
740 1235 816 1305 ipso,
831 1246 855 1285 et
868 1235 992 1308 princeps
1006 1235 1109 1305 imperii
1120 1251 1164 1286 es·

112 1327 171 1365 set:
186 1317 223 1366 ita
237 1314 343 1367 volebat
354 1313 506 1366 hominibus
518 1312 693 1384 persuadere,
711 1326 815 1385 patrem
829 1326 987 1368 testamento
1005 1315 1119 1379 cavisse,
1134 1326 1165 1365 ut

112 1395 172 1464 ipse
184 1395 309 1465 princeps
324 1395 429 1464 imperii
445 1405 531 1459 esset,
546 1393 621 1444 Titus
639 1406 743 1444 tantum
759 1412 878 1446 consors.
891 1396 975 1459 Nam,
991 1393 1063 1466 quod
1075 1411 1133 1464 cap.
1147 1409 1164 1460 9

111 1473 229 1545 privatus
238 1474 343 1540 dicitur,
353 1487 413 1526 ante
424 1474 476 1524 Titi
490 1486 599 1525 mortem
613 1475 709 1533 fuisse;
724 1473 775 1525 illis
787 1474 951 1545 temporibus
964 1477 1041 1526 etiam
1056 1474 1165 1543 partici-

113 1569 162 1622 pes
178 1555 283 1624 imperii
297 1555 334 1604 sic
349 1551 530 1604 vocabantur:
543 1554 604 1623 quia
616 1554 732 1626 principi
744 1556 892 1624 opponitur
900 1555 1032 1626 priuatum
1044 1553 1165 1625 princeps

114 1645 204 1686 autem
214 1637 321 1706 proprie
333 1653 403 1688 unns
414 1647 477 1686 erat.
491 1637 658 1686 Burmannus
670 1634 825 1700 dubitabat,
840 1653 873 1687 an
887 1636 1020 1706 elegentes
1032 1649 1057 1687 et
1070 1653 1100 1687 ex
1114 1641 1165 1686 ns'u

114 1716 229 1788 antiquae
244 1717 391 1768 Latinitatis
406 1715 458 1766 dici
473 1731 564 1787 posset
578 1717 698 1788 princeps
714 1715 826 1787 imperii.
842 1717 897 1784 Ego
911 1735 975 1768 vero
990 1735 1043 1768 non
1061 1714 1164 1766 dubito.

114 1794 253 1867 Ut,apud
264 1795 583 1872 Cicerogem,Senatores
597 1795 641 1848 alii
650 1798 789 1868 participes
799 1795 903 1848 consilii
911 1796 1026 1868 publici,
1041 1796 1083 1847 alii
1092 1796 1168 1868 prin·
1220 1787 1226 1800 ’
1261 1801 1263 1808 ⁴

114 1873 186 1944 cipes
198 1873 302 1926 consilii
315 1875 417 1946 publici
428 1875 569 1926 dicuntur:
582 1877 635 1942 sic,
649 1887 731 1945 qnnm
747 1875 801 1926 ‹lno
815 1877 962 1946 imperant,
980 1875 1027 1927 scd
1045 1872 1167 1944 inaequali

111 1953 191 2022 jure,
205 1965 235 2004 ut
246 1972 315 2025 saepe
327 1955 425 2005 factum
439 1966 552 2005 estante
564 1955 730 2018 Antoninos,
742 1953 808 2006 alter
819 1967 857 2005 est
868 1956 989 2024 princeps
1001 1952 1116 2025 imperii,
1131 1950 1167 2002 sl-

116 2045 157 2084 ter
164 2035 310 2104 particeps,
324 2035 378 2087 sive
388 2051 488 2086 consors
500 2034 607 2106 imperii.
621 2035 714 2105 ltaque
727 2035 821 2098 fateor,
831 2032 894 2083 mibi
904 2035 1040 2102 antiquam
1052 2029 1122 2081 illam
1130 2029 1168 2080 le·

115 2115 232 2169 ctionem
243 2115 326 2184 magis
336 2114 450 2186 placere,
462 2116 688 2185 restituissemque
702 2113 776 2178 loco,
791 2111 861 2164 nude
871 2110 981 2183 depulsa
993 2123 1041 2176 est,
1051 2111 1077 2161 ni
1087 2107 1165 2160 codd.

115 2188 183 2245 boni
194 2194 344 2260 obstarent,
356 2209 467 2266 propter
482 2213 595 2266 quorum
606 2195 788 2246 anctoritatem
800 2194 828 2244 in
843 2207 968 2244 contextu
982 2191 1089 2242 alteram
1102 2188 1168 2239 tole·

117 2277 184 2325 rasi.
196 2277 258 2326 Ena.
270 2276 439 2326 Manifestum
453 2275 578 2326 mendum
592 2293 648 2326 esse
657 2273 802 2346 principem
814 2273 929 2344 imperii,
943 2284 969 2324 et
981 2271 1018 2322 rei
1030 2283 1056 2321 et
1071 2269 1168 2319 Latini·

117 2357 180 2406 tatis
197 2357 266 2406 ratio
279 2357 369 2408 vincit.
386 2358 476 2426 Longe
488 2356 619 2407 diversum
634 2373 717 2427 genus
732 2351 859 2424 loquendi
874 2365 911 2404 est
922 2352 1042 2423 princeps
1051 2345 1167 2412 consilii,

117 2453 172 2507 quo
185 2437 288 2487 mireris
302 2438 450 2489 Ernestium
465 2437 538 2488 abuti
551 2439 671 2507 potuisse
683 2435 717 2489 sd
728 2433 793 2487 illud
805 2431 1012 2485 defendendum.
1025 2430 1118 2482 Wotr.

409 2719 729 2874 excussus
762 2720 877 2813 xin

320 2981 389 3048 nn
417 2976 791 3061 conmanunt,
820 2973 905 3043 cn.
936 2971 969 3040 3.

123 3422 294 3521 Domana,
304 3473 335 3511 ex
346 3473 400 3527 qua
412 3455 440 3504 in
453 3452 563 3504 mentido
575 3449 724 3513 consulatu,
738 3462 788 3502 etc.
800 3446 882 3500 Valde
896 3447 973 3498 torsit
985 3444 1028 3496 bic
1040 3442 1115 3496 locus
1128 3443 1173 3493 Vi·

123 3555 169 3588 ros
184 3535 295 3602 doctos,
310 3551 424 3604 quornm
440 3534 581 3584 sententiae
597 3530 729 3599 sigillatim
742 3547 894 3592 recensere,
907 3528 1016 3596 longum
1029 3526 1107 3578 foret.
1124 3526 1174 3578 Ex·

123 3615 249 3687 plicando
267 3628 356 3666 autem
373 3625 466 3664 nostre
481 3611 666 3683 qualicumque
681 3611 824 3674 sententia,
842 3609 987 3678 praecipuas
1007 3607 1173 3674 attingemus.
1261 3677 1265 3683 .

123 3697 164 3745 Ac
184 3695 288 3766 primo,
305 3693 444 3746 secundum
465 3689 630 3744 consulatum
651 3689 726 3741 aliter
744 3707 838 3757 capere
859 3685 1024 3739 consuetudo
1044 3693 1175 3760 perpetua

123 3773 247 3826 Suetonii
261 3790 315 3824 non
326 3771 404 3835 sinit,
417 3787 494 3842 quam
506 3769 539 3821 de
551 3787 601 3831 eo,
619 3787 697 3840 quam
708 3780 784 3838 patre
793 3769 852 3818 vivo
865 3769 895 3816 Λ.
906 3769 938 3818 U.
951 3761 1138 3824 ncccxxw,
1148 3777 1174 3810 a.

125 3855 154 3906 C.
168 3853 276 3906 Lxxnt
286 3852 375 3922 gessit.
388 3852 481 3920 ltaque
490 3868 544 3900 non
554 3847 680 3900 audiendi
691 3851 823 3918 Rupertus
833 3859 858 3896 et
868 3847 977 3914 Pagina,
990 3841 1079 3915 quide
1091 3836 1175 3890 altero

127 3933 265 3986 ordinario
279 3934 400 4003 capiunt,
413 3943 442 3982 ut
452 3943 523 3982 recte
534 3931 635 3980 monuit
644 3931 701 3998 jam
711 3927 837 3979 Gravius.
848 3927 930 3988 Nam,
941 3921 1013 3995 quod
1024 3923 1059 3974 ait
1067 3921 1176 3990 Papius,

126 4013 269 4067 historicos
287 4012 422 4064 interdum
441 4012 570 4063 sullectos
587 4008 740 4060 consulatus
758 4010 786 4058 in
804 4003 1012 4076 Imperatoribus
1026 3999 1175 4070 negligere,

128 4097 244 4166 primum
258 4091 285 4144 id
296 4111 352 4144 non
366 4103 406 4144 est
416 4090 496 4160 liujus
508 4091 604 4155 estatis,
616 4101 645 4140 ut
659 4089 718 4160 ipse
729 4089 824 4158 Papius
834 4087 861 4136 in
873 4085 982 4136 Dissert.
994 4081 1138 4154 Hypatica,
1148 4096 1175 4148 p.

128 4177 156 4238 l,
171 4193 232 4244 cap.
246 4191 272 4243 7,
284 4191 310 4224 n.
326 4173 416 4236 3init,
431 4170 525 4235 docet,
541 4167 587 4232 sed
600 4167 682 4220 seculi
696 4169 740 4220 lll.
752 4164 870 4230 Deinde,
886 4182 941 4214 non
953 4162 1074 4234 profecto
1087 4172 1125 4212 est
1137 4156 1176 4210 di-

129 4254 266 4324 ligentium
275 4252 477 4316 historicorum,
489 4249 573 4322 qualis
583 4249 724 4304 Suetonius
734 4259 781 4300 est.
791 4241 945 4314 Exemplum
957 4241 1050 4293 Dionis
1060 4251 1087 4291 et
1096 4237 1177 4291 chre
