3068 5144
550 565 708 632 rrros.
1089 567 1150 658 371

102 711 187 763 tum.
203 696 358 790 Denique
375 691 551 787 propalam
565 691 668 759 alium
683 695 854 758 Neronem
867 706 901 757 et
913 689 1157 782 opinabantur,

103 821 137 875 et
155 804 397 898 praedioabaot.
415 809 458 870 At
474 802 523 871 illi
541 825 580 870 ea
598 802 688 870 fama
702 824 765 894 pro
779 800 871 870 bono
886 802 1003 884 cessit,
1022 825 1158 870 oonver-

103 941 210 1012 saque
223 933 276 985 est
289 920 323 984 in
336 918 500 984 rttaximas
512 912 646 997 laudes,
659 935 770 1008 noque
780 915 862 980 vitio
874 912 945 982 ullo
957 931 1108 1007 reperto,
1125 933 1158 982 et

102 1043 223 1096 ooutra
238 1025 418 1095 virtutibus
432 1027 584 1094 summis.
601 1027 761 1094 Convivia
773 1027 915 1092 instituit
923 1022 1077 1118 jucunda
1089 1049 1158 1092 ma-

102 1141 171 1232 gis,
182 1163 286 1234 quant
298 1138 446 1231 profusa.
456 1137 608 1207 Amicosl
620 1136 734 1230 elegit,
746 1135 868 1231 quibus
880 1137 980 1204 etiam
991 1151 1070 1228 post
1079 1160 1156 1207 eum

103 1251 296 1343 Principes,
312 1266 397 1318 utet
411 1249 473 1318 sibi
488 1268 523 1318 et
536 1249 741 1342 Reipublicae
752 1247 970 1331 honestatis,
984 1251 1159 1344 acquieve·

102 1377 201 1445 runt,
222 1363 460 1455 praecipueque
479 1376 560 1428 sunt
582 1365 644 1428 usi.
668 1345 854 1428 Berenicen
870 1364 982 1428 statim
1001 1359 1044 1428 ab
1066 1360 1158 1428 Urbe

103 1471 248 1555 dimisit,
267 1474 391 1540 invitus
407 1459 579 1540 invitam⁵.
598 1471 771 1559 Quosdam
788 1497 807 1541 e
825 1474 1021 1564 gratissimis
1040 1471 1160 1540 delica-

103 1601 235 1668 torum,
252 1609 460 1680 quamquam
477 1602 548 1654 tam
563 1585 708 1654 artifices
724 1584 926 1668 saltationis,
943 1599 982 1652 ut
995 1609 1075 1654 mox
1091 1608 1159 1654 sco·

101 1719 187 1762 nam
201 1697 390 1777 tenuerint,
405 1719 474 1764 non
490 1695 593 1764 modo
607 1696 720 1764 fovere
733 1696 913 1789 prolixius,
931 1695 991 1766 aad
1007 1713 1158 1789 spectare

103 1808 247 1874 omnino
262 1808 299 1872 in
314 1805 451 1900 publico
466 1804 576 1874 coetu⁶
596 1805 796 1900 supersedit.
814 1805 906 1876 Nulli
921 1809 1043 1884 cirium
1062 1807 1159 1902 quid-

102 2046 157 2097 ista
170 2043 311 2096 eunomio.
322 2043 461 2096 Proemiori
470 2058 559 2097 autem
571 2059 611 2098 ost
652 2065 690 2086 ·—
697 2045 1002 2118 Precipuaquemtttsi.
1010 2043 1159 2119 Valgproe·

102 2125 612 2198 premiapacisoi‚suffragatiouisnent·
654 2128 780 2199 cipueque
788 2138 915 2193 sumtum,
927 2126 969 2178 vel
980 2144 1100 2200 sponsam
1112 2127 1159 2180 sibi

37 2236 40 2240 ·
102 2223 139 2274 pe
154 2201 228 2275 apttd
244 2216 355 2276 patrem.
373 2203 487 2256 Proemta
501 2205 610 2256 omnino
656 2205 1159 2276 Berenicen,ete.quaemanifestesunt

102 2277 140 2332 de
157 2281 252 2350 quovis
267 2278 344 2333 luero
359 2281 401 2333 vel
413 2281 503 2352 preda
517 2284 610 2353 saepius
655 2297 789 2356 corrupta.
820 2285 916 2336 Verior
942 2284 1022 2336 lectio
1053 2286 1159 2355 optimis

103 2361 251 2430 dicuntur,
272 2362 345 2415 uude
364 2367 542 2435 premiorum
561 2384 612 2418 no-

103 2443 196 2494 cturni
218 2454 279 2494 sunt
298 2441 440 2513 predones
461 2443 534 2514 apud
556 2446 611 2497 No-

103 2521 191 2572 nium.
202 2519 243 2571 Cf.
251 2521 354 2573 Ernest.
368 2520 402 2572 ad
411 2522 497 2573 Tacit.
507 2523 574 2574 Hist.
586 2523 609 2588 l,

104 2597 150 2652 5¹.
159 2597 284 2650 Ceteram
290 2597 405 2665 Canidi,
414 2599 504 2671 pellici
514 2603 611 2673 Vespa-

104 2679 189 2744 siani,
201 2676 272 2729 idem
284 2677 391 2732 tribuis
403 2679 503 2751 Xiphil.
515 2682 611 2749 txvt,

106 2758 155 2826 14,
171 2755 245 2830 quod
256 2755 283 2809 lt.
296 2757 313 2808 l.
327 2759 403 2823 Tito,
416 2762 564 2814 notavimus
577 2761 610 2812 ad

103 2841 218 2910 Vespat.
233 2855 293 2908 cap.
310 2838 350 2890 16.

139 2935 167 3002 4.
182 2932 288 2986 Amicos
299 2932 390 3009 clepit,
404 2949 455 2987 eto.
468 2936 542 3008 quod
553 2939 611 3007 ipse

103 3014 232 3090 preclare
248 3013 388 3066 confirmat
405 3014 479 3088 apud
496 3017 610 3081 litorea,

105 3094 245 3158 Bbrluice,
259 3104 309 3144 act.
324 3094 360 3162 11,
372 3111 409 3146 sc.
424 3111 453 3160 a,
465 3094 511 3146 ubi
524 3095 610 3147 Pauli-

105 3193 170 3227 nam
186 3171 346 3245 alloquitur:

105 3285 128 3328 le
138 3299 164 3328 ue
176 3281 253 3342 prendi
264 3283 322 3340 point
333 3295 386 3340 pour
395 3281 444 3338 inge
454 3298 495 3326 nne
505 3297 555 3325 eone
565 3282 610 3327 ido-

105 3409 386 3465 Pauli13jetneproposeun
394 3408 440 3466 plut
446 3409 514 3465 ample
520 3407 610 3462 tltdttre5

107 3473 142 3522 Et,
149 3487 198 3514 sans
204 3468 365 3527 preterl'oteille
371 3469 410 3512 ila
419 3471 464 3510 voix
470 3468 506 3512 dea
513 3471 611 3522 llatteon,

106 3535 129 3577 le
141 3547 193 3576 reor
205 3546 242 3588 pu
253 3541 310 3572 votae
323 3531 401 3574 bouem
413 3529 513 3573 antandro
525 3539 570 3574 tout
582 3531 611 3575 let

98 3621 101 3634 .
134 3633 136 3639 ,
185 3605 258 3635 mre

108 3657 164 3699 Vens
171 3653 610 3710 mel'arerpromialerespeetetlaeraiute

108 3713 313 3760 tementmnurde
321 3717 362 3758 osai
367 3715 472 3773 lepassage
479 3714 514 3756 ila
522 3716 608 3772 plainte:

108 3780 161 3822 Pour
171 3779 239 3821 mieux
249 3778 298 3829 vair,
306 3779 355 3824 cher
363 3778 445 3829 Paulis,
453 3789 474 3820 et
481 3793 533 3835 pour
539 3788 611 3821 enten-

72 3841 75 3847 '
187 3838 310 3890 damna,

109 3903 134 3944 le
140 3901 219 3944 vunai
229 3899 330 3943 nunde
339 3899 376 3943 dee
383 3899 475 3950 oreilles,
484 3899 521 3941 des
530 3915 592 3958 yson

109 3963 144 4006 rat
154 3964 194 4005 nis
202 3967 270 4006 mene
278 3966 321 4004 tce
330 3963 373 4018 pn't
383 3975 432 4004 mon
442 3960 512 4004 amitii
522 3964 609 4005 sentite:

110 4028 146 4068 l'ai
155 4025 216 4069 anulo
226 4039 265 4082 qne
274 4027 311 4068 det
319 4039 383 4068 ooeon
393 4041 442 4069 rous
453 4025 524 4068 lussier
534 4025 612 4068 linter-

188 4091 256 4144 prim

111 4151 177 4207 Qu'an
185 4159 262 4192 maan
271 4147 307 4192 dea
316 4150 407 4192 flattena
415 4158 474 4191 rotre
483 4147 578 4191 sineiriti

110 4213 143 4256 eo
153 4212 329 4270 tenionrsjasqu'i
339 4213 381 4255 noi
389 4226 458 4269 pam
466 4211 485 4252 ln
495 4210 565 4252 virili.

111 4273 178 4316 l'arler
186 4274 249 4326 done,
259 4283 298 4316 ete.

655 2364 740 2416 Codd.
752 2364 932 2418 confirmatur.
940 2368 1059 2434 ingenue
1069 2379 1158 2418 tamen

654 2447 752 2511 fateor,
759 2459 846 2498 totum
854 2445 1158 2498 additamentumortnm

655 2525 720 2576 mihi
728 2525 812 2578 videri
821 2545 851 2578 ex
861 2527 1080 2598 interpretatione
1086 2525 1159 2578 verbi

653 2607 845 2678 acquieverunt.
873 2650 875 2657 .

690 2700 716 2753 5.
735 2701 885 2754 Berenicen.
894 2737 913 2754 ..
928 2701 1022 2754 invitus
1038 2700 1158 2753 invitem.

655 2779 734 2832 Coni.
746 2778 846 2851 Xiphll.
857 2779 908 2831 loc.
919 2797 1000 2850 supra
1012 2780 1057 2830 cit.
1068 2776 1157 2830 Aurel.

652 2859 755 2924 Victor,
776 2859 846 2930 Epit.
874 2873 920 2924 to,
945 2859 1107 2929 aDeniqne,
1129 2871 1159 2910 ut

655 2933 738 2986 subiit
756 2934 864 3005 pondus
880 2936 995 3006 regium,
1016 2937 1158 2988 Berenicen

654 3015 762 3084 nuptias
780 3032 842 3066 suas
863 3026 1033 3086 sperantem,
1054 3013 1157 3083 regredi

655 3091 777 3158 domum,
786 3106 812 3144 et
819 3103 1002 3144 enervatorum
1010 3109 1101 3162 greges
1112 3091 1160 3144 ab·

655 3171 693 3223 ire
718 3174 879 3243 pracepit.»
905 3171 1019 3222 Victoris
1044 3171 1159 3223 enervati

654 3251 754 3302 Nostro
771 3268 853 3320 supra
872 3261 946 3300 erant
963 3247 1075 3314 exoleti,
1096 3269 1159 3302 mox

655 3329 769 3381 delicati.
781 3328 912 3380 lodictum
924 3328 975 3380 sibi
987 3331 1074 3400 patrio
1084 3349 1159 3382 more

655 3406 1159 3482 gravediscidiumexeusat'l'itusapud

656 3490 770 3553 Rtotan,
784 3488 922 3551 Berenice,
943 3502 994 3539 act.
1015 3489 1065 3553 lll,
1080 3507 1117 3541 sc.
1135 3505 1157 3554 ι,

655 3566 697 3619 his
708 3567 742 3618 od
754 3565 914 3619 Antiochum
927 3566 1059 3620 versibus:

724 3668 873 3725 .....plaipnet
882 3683 915 3710 rna
925 3667 1027 3723 gandent·
1036 3669 1158 3726 importune.

655 3729 729 3771 Monte
739 3728 764 3771 de
772 3727 881 3780 l'univars,
891 3729 912 3785 je
924 3731 977 3785 tegle
986 3743 1008 3772 aa
1019 3730 1112 3780 ἱοιιιιιιις

655 3791 734 3846 depuis
744 3791 794 3833 faire
804 3792 833 3833 les
844 3792 895 3842 tois,
903 3791 925 3846 je
935 3793 980 3848 puis
989 3791 1018 3833 les
1028 3789 1123 3848 da'poser:

656 3853 776 3909 Cependunt
785 3853 811 3896 de
821 3867 870 3895 mon
880 3857 935 3895 cour
942 3853 963 3908 je
973 3869 999 3896 ne
1008 3853 1054 3909 puis
1061 3852 1160 3909 dispater.

654 3914 730 3964 tama,
740 3925 812 3957 contre
822 3915 852 3957 les
860 3917 901 3958 rols
907 3915 933 3958 de
942 3914 1159 3964 testamentalem,

655 3975 759 4032 Dedaiflne
766 3991 807 4018 une
816 3977 889 4020 bauti
897 3977 949 4020 dana
957 3976 976 4017 la
985 3990 1075 4032 pourpre
1080 3974 1158 4017 ilerde:

656 4037 729 4080 l'delat
738 4040 766 4082 du
775 4037 881 4090 diademo,
891 4049 912 4082 et
921 4047 969 4080 cent
978 4038 1020 4080 soit
1030 4051 1081 4093 pour
1090 4041 1158 4085 aient.

656 4099 798 4144 Dtrhoaorenr
805 4116 838 4144 ma
847 4103 939 4149 flamme,
951 4110 972 4142 et
979 4099 1069 4142 blessent
1078 4107 1124 4140 tous
1131 4097 1161 4139 let

734 4177 796 4222 year,
806 4171 848 4206 etc.

691 4256 716 4309 6.
739 4258 853 4310 Omnino
870 4259 896 4310 io
908 4254 1014 4326 publico
1027 4269 1100 4320 cetu.
1116 4255 1157 4308 Al.

962 4353 1017 4428 24.
