3066 5148
1 581 2 602 r
517 531 771 598 CALIGULA.
1130 563 1139 602 1

115 663 533 760 tEBQQUAMuAtUM
543 661 685 726 HABEO
696 563 1172 747 ETSORORBSEJU83ite1191

1 813 2 844 1
117 771 334 842 relationibus
347 771 553 840 Consulum:
569 774 692 858 QUOD
703 772 859 838 BONUM
871 775 1092 859 FatthUE
1104 772 1173 844 SIT

116 891 150 956 C.
172 887 335 954 CAESARI
360 886 692 968 SORORlBUSQUE
717 877 830 952 Erus?
852 885 927 949 Pari
949 884 1173 978 popularitate

119 997 295 1065 damnatos
307 994 546 1088 relegatosque
558 995 717 1060 restituit:
732 995 993 1087 criminumque,
1008 997 1036 1061 si
1047 1018 1116 1089 qua
1125 1019 1175 1063 re-

119 1108 212 1178 sidua
226 1131 271 1175 ex
289 1111 406 1200 priore
421 1122 572 1198 tempore
586 1105 786 1187 manebant,
803 1106 957 1172 omnium
972 1107 1114 1196 gratiam
1124 1107 1174 1176 fe-

120 1221 204 1288 cit¹⁰.
217 1219 504 1299 CommentarioS,
519 1214 563 1282 ad
584 1217 702 1281 matris
720 1214 931 1308 fratrumque
946 1238 1087 1285 suorum
1099 1241 1176 1284 cau·

120 1353 171 1398 sas
187 1329 400 1422 pertinentes
410 1351 476 1408 ,ue
490 1328 545 1394 cui
558 1324 776 1418 postmodum
788 1324 929 1392 delatori
945 1341 1004 1393 aut
1016 1328 1092 1398 testi
1106 1351 1177 1395 ma-

119 1440 319 1510 neretullus
331 1455 463 1521 metus,
475 1433 654 1506 convectos
666 1442 700 1506 in
715 1443 857 1520 Forum,
874 1455 908 1504 et
920 1455 998 1506 ante
1014 1439 1104 1508 clare
1118 1439 1178 1508 ob·
1233 1525 1235 1536 .

120 1571 263 1622 testatus
281 1557 387 1634 Deos,
407 1573 519 1646 neque
535 1549 674 1642 legisse,
694 1554 805 1644 neque
818 1552 965 1643 attigisse
979 1552 1178 1647 quicquam,

121 1666 395 1733 concremavitfl.
418 1661 587 1730 Libellum
605 1660 648 1728 de
667 1660 775 1730 salute
791 1685 853 1730 sua
869 1661 1022 1730 oblatum
1032 1685 1107 1731 non
1125 1687 1179 1730 re-

121 1779 231 1869 cepit,
259 1772 489 1856 contendeus,
511 1773 619 1840 anihil
641 1772 704 1841 sibi
722 1771 923 1856 admissum,
940 1797 1003 1841 cur
1018 1775 1178 1870 cuiquam

121 1890 252 1955 inrisus
265 1901 370 1954 esset:
384 1918 398 1948 r
414 1889 630 1981 negavitque,
649 1910 684 1954 se
699 1885 904 1954 delatoribus
920 1911 1020 1954 aures
1035 1887 1169 1958 babere.

165 2003 259 2066 XVI.
285 2001 463 2092 Spintrias¹
489 2014 759 2067 monstrosarum
781 1997 978 2082 libidinum,
1001 2021 1105 2091 aegre,
1129 2025 1173 2068 ne

123 2107 295 2203 profundo
313 2126 500 2202 mergeret,
517 2127 692 2193 exoratus,
713 2109 805 2177 Urbe
824 2113 1016 2178 summovit.
1032 2113 1100 2178 Titi
1114 2116 1177 2180 La·

124 2221 251 2301 bieni2,
266 2218 368 2287 Cordi
385 2217 581 2302 Cremutii³,
598 2223 702 2288 Cassii
718 2218 850 2289 severit
864 2222 1002 2313 scripta,
1021 2224 1178 2291 Senatus-

162 2442 203 2478 ro.
225 2425 428 2498 criminumque
429 2463 500 2476 .....
513 2425 631 2477 omniurn
678 2428 730 2492 rit,
748 2443 827 2477 nemo
844 2428 1033 2496 interpretatus
1052 2440 1107 2492 est,
1128 2430 1181 2483 nisi

164 2603 203 2637 rt.
224 2585 469 2637 Commentarios...
484 2601 634 2636 concrema·
678 2585 839 2640 anteoculos
848 2584 948 2636 hircosi
958 2598 982 2636 et
990 2585 1055 2638 olidi
1064 2591 1133 2640 senis
1142 2609 1181 2642 re·

127 2667 171 2718 nit.
186 2664 268 2719 Cotti.
281 2665 346 2730 Dio,
356 2662 493 2731 th,4er
501 2660 529 2714 6.
540 2665 634 2715 Postea
677 2664 874 2736 praesentabant
885 2665 1019 2735 spinteres,
1037 2667 1054 2718 i.
1070 2685 1094 2718 e.
1109 2681 1181 2720 cate-

128 2759 215 2798 tameu
234 2743 326 2815 plures
342 2755 450 2814 argutos
467 2753 557 2795 narrat
573 2759 632 2814 cap.
678 2743 755 2796 aulas
762 2743 845 2796 tribus
854 2742 1088 2816 symplegmatibus
1098 2765 1181 2812 aunu-

131 2843 175 2889 to,
185 2823 214 2876 in
223 2823 272 2875 rr‘ir
282 2819 446 2892 γρηψαίπαι,
457 2819 474 2875 ri*
485 2842 635 2874 urentur·
678 2821 765 2874 lorum
773 2839 915 2874 connexas.
924 2819 1023 2873 Pudeat
1031 2821 1073 2874 hic
1081 2842 1181 2876 memo-

128 2903 189 2956 rius
204 2887 266 2954 vrri
284 2902 337 2966 ἶφι.
357 2901 423 2954 vide
438 2915 464 2953 et
479 2901 540 2968 LX,
556 2899 589 2968 4,
607 2903 634 2953 in
679 2920 737 2954 rare
752 2919 827 2974 reges
840 2914 866 2954 et
882 2919 973 2971 regum
987 2904 1071 2954 ricem
1085 2922 1181 2974 geren-

128 2987 179 3036 rita
188 2981 303 3036 Claudii.
316 2981 442 3052 Exempla
453 2981 578 3048 aliorum,
588 2979 635 3051 qui
679 2984 757 3034 tesia
770 2979 890 3032 Borussia
905 2993 931 3032 et
943 2979 1029 3032 Gallia
1045 2986 1182 3054 superiore

129 3063 221 3117 eadem
231 3064 317 3114 animi
329 3059 525 3132 magnitudine,
538 3073 564 3112 et
573 3077 636 3111 vera
680 3061 774 3114 saeculo
786 3059 983 3112 celeberrimos.
997 3061 1044 3111 En.

130 3141 254 3213 quidem,
269 3159 325 3191 nou
338 3139 635 3204 licta,ultiouismate-
717 3159 742 3192 a.
773 3140 827 3192 Titi
846 3137 962 3190 Labieni.
985 3139 1025 3190 lle
1049 3138 1101 3192 hoc
1124 3141 1183 3194 ride

130 3225 193 3276 riam
216 3222 339 3274 crematis
359 3220 528 3278 inimicorum
552 3217 635 3272 literis
680 3217 826 3289 Glandorp.
860 3218 998 3270 onomast.
1032 3239 1093 3294 pag.
1122 3219 1182 3289 514.

130 3303 179 3354 sibi
192 3299 399 3373 praecluserunt,
412 3297 518 3370 collegit
531 3297 635 3350 Fabric.
717 3299 742 3354 3.
752 3299 829 3352 Cordi
837 3296 1130 3354 cremaritvidffibu.
1139 3303 1183 3355 61.

132 3380 164 3432 ul
178 3382 260 3431 Dion.
273 3379 348 3443 XLI,
361 3376 406 3428 63.
717 3379 743 3445 i.
765 3377 843 3431 cassii
860 3377 956 3429 Severi.
974 3377 1015 3428 De
1030 3376 1089 3430 boc*
1099 3381 1183 3434 Tacit.

166 3460 234 3510 XVI.
259 3475 281 3510 t.
303 3456 441 3528 Spintrius.
460 3456 528 3509 Vide
548 3455 635 3507 Tiber.
682 3457 779 3510 Annal.
796 3460 823 3523 1,
840 3473 889 3526 72,
911 3455 1033 3508 «Primus
1048 3458 1185 3528 Augustus

134 3540 181 3608 ii,
199 3558 230 3592 ex
244 3556 299 3608 quo
316 3536 378 3588 loco
391 3535 471 3588 rerba
482 3546 637 3588 monstrosa·
682 3541 861 3612 cognitionem
882 3535 916 3587 d'e
937 3535 1045 3588 ramosis
1067 3535 1185 3606 libellis,

134 3637 188 3670 rum
204 3616 346 3670 libidinum
367 3615 480 3686 repetita
496 3615 639 3667 arbitratur
683 3620 769 3690 specie
784 3610 848 3687 legis
861 3619 917 3688 ejus
929 3613 1119 3688 (majestatis),
1133 3631 1185 3672 tra·

135 3697 286 3759 Ernestius,
304 3693 438 3766 probante
459 3691 583 3745 Oudcud.
605 3694 639 3744 At
684 3698 779 3764 ctnvit,
795 3708 944 3747 commotus
959 3694 1042 3747 Cassii
1056 3697 1144 3749 Severi
1158 3695 1187 3748 ll-

135 3777 168 3828 ita
192 3775 369 3846 glossatorem
395 3784 463 3842 puto
488 3770 639 3823 additurum
683 3775 855 3845 bidine,qua
868 3775 938 3825 viros
951 3773 1113 3848 feminasque
1126 3774 1186 3828 illu-

135 3855 213 3906 etiam
225 3848 479 3903 luisserocabulnm
490 3861 638 3919 repertores,
685 3869 750 3908 stres
766 3851 925 3926 procacibus
943 3854 1047 3924 scriptis
1065 3851 1188 3906 ‹liffama-

138 3933 268 3985 offensum
278 3927 332 3981 boc
341 3947 392 3980 usu
403 3927 641 3998 genitivnactdul·
685 3949 775 3998 verat;
787 3957 798 3981 s
811 3945 837 3985 et
846 3935 894 3998 lV,
905 3949 952 3996 21,
966 3955 976 3977 ι
988 3931 1107 3984 llelatnrn
1120 3934 1188 3986 etde

139 4011 179 4064 ler.
192 4010 322 4064 excidisse
331 4011 413 4060 etiam
423 4020 512 4059 censet
524 4008 657 4080 invento·-
686 4013 778 4065 Cassio
798 4012 894 4064 Severo
913 4009 1017 4075 exsule,
1038 4014 1099 4083 qui,
1113 4015 1186 4074 etc,-

141 4109 191 4154 res,·
203 4094 293 4163 potins
305 4099 453 4161 repertores.
465 4086 587 4140 Tiberius
598 4087 643 4159 qui
686 4092 815 4145 Historias
834 4109 893 4142 eum
914 4091 1067 4160 scripsisse,
1086 4105 1158 4164 patet
1176 4115 1190 4144 e

141 4169 185 4224 bos
195 4171 380 4224 adolescentes
393 4171 499 4220 vocarit
512 4169 642 4241 spintrias,
687 4171 796 4234 Nostro,
815 4168 903 4220 Vitell.
923 4185 946 4218 a.
965 4166 1044 4218 Plura
1066 4169 1135 4240 Lips.
1157 4167 1190 4222 ad

142 4251 210 4306 unde
223 4251 290 4305 illud
299 4249 466 4304 vocabulum
480 4249 644 4320 excogitare·
687 4251 773 4302 Tacit.
783 4251 830 4315 lv,
842 4265 889 4313 21,
902 4261 926 4299 et
937 4246 1082 4317 Glaudorp.
1092 4268 1119 4320 p.
1130 4267 1190 4318 ²09·

921 4359 1049 4402 ·2.
