3054 5152
535 536 673 602 NERO.
1042 495 1045 500 Ι
1061 503 1124 627 471

79 682 109 734 et
122 681 157 730 ut
171 678 255 734 aute
271 661 402 732 insulas
418 685 459 729 ac
475 661 596 730 domos
612 663 764 755 porticus
778 678 906 744 essent,
925 660 968 730 de
984 687 1128 758 quarum

79 773 204 844 solariis
216 770 376 842 incendia
387 790 598 842 arcerentur:
612 797 740 867 easque
751 790 866 842 sumtu
879 797 942 840 suo
953 777 1127 854 exstruxit.

79 887 271 954 Destiuarat
292 887 393 954 etiam
411 886 505 954 Ostia
525 900 624 952 tenus
645 886 768 954 moeuia
791 907 1006 977 promovere,
1027 900 1130 979 atque

80 993 150 1062 inde
171 995 268 1062 fossa
287 1019 380 1064 mare
397 997 505 1062 veteri
525 994 609 1062 Urbi
628 994 799 1063 inducere.
823 993 932 1062 Multa
951 995 1015 1062 sub
1036 1019 1076 1062 eo
1096 1013 1131 1062 et

79 1104 315 1174 animadversa
335 1119 475 1188 severe,
503 1121 537 1174 et
556 1108 722 1188 coercita,
745 1128 808 1173 nec
830 1108 942 1174 minus
964 1107 1128 1174 instituta.
1175 1145 1179 1158 ·

80 1213 255 1284 Adhibitus
276 1215 442 1285 sumtibus
457 1215 579 1286 modus
594 1242 601 1282 :
622 1216 766 1309 publicae
781 1239 884 1284 ooeuae
902 1214 945 1284 ad
959 1214 1129 1308 sportulas

80 1326 240 1396 redactas:
263 1326 516 1409 interdictum²‚
534 1351 577 1394 ne
599 1328 681 1422 quid
699 1331 734 1396 in
752 1329 885 1420 popinis
905 1330 989 1394 cocti
1006 1342 1129 1419 praetcr

81 1440 249 1532 legumina
272 1456 332 1509 aut
358 1439 450 1508 olera
471 1443 622 1523 veniret,
649 1465 755 1534 quum
780 1455 878 1506 antea
902 1437 1036 1505 nullum
1059 1462 1129 1505 nou

82 1556 210 1645 opsonii
220 1577 330 1644 genus
339 1569 600 1646 proponeretur:
613 1553 725 1620 afflicti
734 1551 906 1646 suppliciis
916 1548 1129 1630 ³Ghristiani'‚

83 1688 183 1754 penus
200 1663 381 1732 hominum
400 1666 645 1758 superstitionis
663 1688 760 1732 novae
780 1689 819 1731 oc
837 1661 1018 1745 maleficssm
1037 1663 1130 1727 vetiti

84 1777 375 1871 quadrigariorum
386 1777 517 1860 lusus4‚
531 1777 654 1872 quibus
666 1780 849 1844 inveterata
860 1775 993 1843 licentia
1005 1775 1130 1866 passim

85 1888 299 1980 vagantibus,
315 1888 431 1954 fallere
445 1911 485 1954 ac
502 1887 606 1955 furari
625 1911 686 1981 per
696 1885 813 1980 jocum
829 1884 884 1980 jus
905 1899 993 1972 erat:
1012 1899 1131 1978 panto·

87 2001 268 2064 mimorum
280 1997 441 2066 factiones
454 2021 533 2064 cum
544 1999 622 2089 ipsis
637 1995 737 2064 simul
749 1994 932 2086 relegatae⁵.

86 2197 169 2236 meet
181 2193 284 2236 etanta
296 2194 332 2236 ut.
343 2182 457 2238 Collatia
469 2181 586 2248 Mulleri,
630 2186 770 2256 ipsumque
785 2200 882 2236 nornen
896 2180 1038 2252 exstirpare
1051 2195 1131 2230 cona·

86 2272 111 2311 at
117 2272 148 2314 et.
159 2266 230 2316 Poto
238 2273 264 2314 et
271 2279 329 2314 esse
336 2281 385 2332 pro
394 2261 503 2322 seilicet,
515 2279 586 2314 nem-
630 2275 686 2328 tus,
695 2263 860 2316 beatissimos
871 2259 969 2312 Christi
981 2256 1131 2329 apostolos,

86 2359 127 2412 pe,
137 2357 169 2394 nt
179 2343 289 2412 sapius.
629 2343 735 2394 Petrum
746 2359 839 2405 cruce,
853 2339 976 2392 Paullum·
984 2335 1074 2408 gladio
1087 2356 1133 2392 oo·

119 2437 141 2474 ²·
159 2421 348 2484 Interdictum,
363 2433 413 2472 etc.
430 2421 470 2474 cf.
485 2419 585 2489 Xiphil.
630 2421 724 2474 cidit.»
738 2422 778 2474 cf.
795 2420 893 2492 Sulpic.
909 2415 967 2470 Ser.
981 2421 1017 2483 11,
1029 2418 1062 2470 28
1075 2435 1132 2487 seq.

88 2497 586 2565 Lxu‚14‚ubiaeimar.etnouua
629 2500 840 2570 Superstitionem
861 2511 992 2552 externam
1014 2510 1132 2552 nostram
1222 2555 1223 2560 η

90 2579 159 2632 nobis
170 2597 253 2650 supra
265 2578 300 2632 ad
310 2577 404 2632 Claud.
416 2579 459 2630 38.
629 2572 1132 2648 religionemappelletTaoitugAnnal.

120 2658 143 2710 3.
160 2657 269 2734 Afflieti
281 2657 416 2730 suppliciis
431 2657 586 2718 Christianir
630 2655 885 2725 X111‚33‚iubivide
895 2657 1133 2726 interpretantem-

91 2754 150 2808 quos
166 2751 197 2790 ut
211 2745 337 2790 auctores
353 2737 468 2790 incendii
480 2738 587 2790 iocosa·
632 2753 691 2785 vem
703 2745 728 2788 et
741 2734 908 2788 immodicam
920 2734 987 2784 Plio.
999 2732 1082 2803 Epist.
1093 2731 1131 2796 X,

91 2815 349 2870 intrauerunt.
364 2817 421 2879 XV,
436 2815 487 2880 44,
501 2836 513 2860 ι
524 2814 589 2870 αὔοι
631 2831 674 2883 97.
683 2815 882 2879 Ceterum‚non
890 2812 1021 2868 assentior
1029 2811 1075 2875 iis,
1086 2811 1134 2880 qui

93 2896 162 2948 leudo
174 2898 276 2950 rumori
290 2897 362 2948 Nero
378 2895 496 2950 subdidit
510 2914 588 2960 reos,
632 2891 693 2946 l'oeo
713 2907 784 2950 nost.
806 2893 857 2963 legi
878 2891 981 2944 malunt
1000 2889 1094 2961 affecti
1117 2907 1132 2940 e
1160 2899 1163 2904 '

93 2976 588 3047 erqueriuuimispoeniseftecicquoa,
632 2970 698 3024 cod.
714 2973 802 3024 Ursin.
814 2973 870 3022 lruo
884 2969 993 3046 afflicti,
1006 2966 1034 3020 b.
1048 2986 1071 3019 e.
1086 2984 1132 3018 ex·

93 3075 136 3126 per
151 3055 250 3126 flagitia
268 3057 386 3118 invisos,
402 3052 496 3124 vulgus
512 3051 588 3106 Chri·
633 3053 735 3122 stirpati
746 3053 800 3104 fere
813 3053 840 3104 io
853 3050 924 3102 Urbe
936 3062 963 3102 et
973 3048 1008 3102 ad
1017 3050 1134 3102 interne-

94 3137 183 3188 rurum
203 3134 397 3206 appellabat...
421 3135 508 3186 Primo
529 3152 589 3186 cor·
632 3131 736 3185 cionem
749 3131 828 3182 excisi
844 3141 905 3180 sunt
923 3125 1065 3180 Christiani
1081 3123 1132 3178 sub

95 3217 169 3284 rapti,
183 3217 230 3287 qui
245 3212 533 3279 fatebantundeindc,
546 3215 589 3266 in·
633 3213 748 3266 Nerone.
956 3267 959 3277 ,

94 3293 289 3360 dioscorum,
312 3294 589 3365 mirltitudoingena,
667 3291 693 3356 4
715 3289 796 3342 Vetiti
810 3287 1033 3361 quadripartiatur-m
1048 3282 1132 3348 lusus,
1213 3286 1219 3298 '

96 3370 158 3426 baud
168 3372 281 3444 perinde
293 3375 321 3426 in
336 3375 444 3426 crimine
455 3372 590 3437 incendii,
632 3382 682 3422 eto.
697 3367 759 3420 Mos
771 3367 897 3438 paulatim
909 3364 1051 3420 invaluisse
1062 3361 1133 3416 vide·

97 3468 164 3521 quarn
179 3451 243 3504 odio
258 3451 370 3505 humani
386 3453 505 3522 generis,
521 3469 588 3504 oon·
632 3464 684 3516 tur,
692 3462 721 3500 ut
729 3445 984 3518 quadrigariis‚poat
990 3444 1134 3515 priestitam

97 3532 150 3588 rati
165 3545 234 3586 suot.
254 3533 289 3586 Et
307 3531 478 3603 pereuntibus
496 3529 587 3584 addita
630 3530 660 3582 in
668 3523 1133 3598 Circooperam‚vagsriperurbem

97 3608 589 3680 ludibria‚utferarumtergiacontecti
631 3609 733 3674 liceret,
741 3605 872 3680 praemiale
881 3609 978 3678 passim
986 3618 1135 3678 petere‚at-

97 3686 184 3740 laniata
198 3705 296 3742 eanum
308 3690 460 3755 interirent,
472 3701 518 3742 out
529 3707 588 3742 cru·
632 3706 699 3758 qne,
711 3687 793 3740 veluti
804 3706 852 3759 per
860 3689 966 3756 jocum,
977 3686 1097 3750 auferre,
1109 3686 1134 3736 si

97 3765 254 3834 rbusaffifi,
264 3781 310 3820 aut
320 3766 484 3832 dammandi,
494 3781 589 3839 atquc,
622 3766 698 3842 ‚quid
708 3779 827 3838 possent.
837 3767 874 3817 Ea
886 3764 989 3820 licentia
998 3782 1079 3836 quum
1088 3762 1134 3817 ab·

97 3845 135 3900 ubi
149 3847 291 3902 defecisset
307 3847 381 3914 dies,
398 3850 426 3900 io
445 3867 521 3902 usum
538 3867 589 3900 no·
632 3859 770 3901 uterentur
784 3845 960 3916 quadrigarii,
975 3842 1133 3899 abolendam

97 3929 173 3978 croroi
196 3927 305 3982 luminis
331 3941 487 3994 tuerentur,
511 3921 585 3981 etos·
633 3927 705 3977 Nero
713 3925 880 3996 judicaverit.
894 3926 934 3978 Gi.
947 3927 1049 3978 Ernest.
1060 3922 1133 3976 Clar.

97 4007 163 4060 Oros.
174 4010 233 4069 vn,
245 4025 272 4078 7,
283 4010 404 4060 rl'rirnus
414 4011 503 4060 Romu
512 4007 589 4062 Chri·
631 4007 686 4058 Cio.
699 4005 749 4062 sub
761 4025 819 4058 voc.
833 4006 1022 4077 quadriporius.

97 4085 186 4138 stiaoos
201 4084 342 4158 suppliciis
357 4101 384 4140 et
399 4087 530 4141 mortibus
547 4088 588 4140 af·
668 4086 692 4139 5.
712 4089 939 4140 Pantomimorum
948 4085 1132 4156 facona...

5 4225 6 4228 ,
94 4163 202 4230 fortune
211 4169 521 4238 peromnesprorincias
531 4169 589 4236 pari
634 4165 760 4240 relepatoe.
776 4167 922 4221 Histriouee
935 4164 1009 4218 ltalia
1025 4161 1133 4233 pulsos,

5 4243 7 4332 l

5 4363 7 4496 l

5 4575 8 4646 r

94 4245 270 4309 mentione
280 4246 426 4299 excruciari
437 4246 589 4316 imperavit.
634 4259 763 4298 mensurat
773 4247 857 4298 'lacit
871 4242 967 4296 Annal.
981 4243 1053 4308 xm,
1067 4242 1110 4296 25.
