<?xml version="1.0" encoding="UTF-8"?>
<!DOCTYPE html PUBLIC "-//W3C//DTD XHTML 1.0 Transitional//EN"
    "http://www.w3.org/TR/xhtml1/DTD/xhtml1-transitional.dtd">
<html xmlns="http://www.w3.org/1999/xhtml" xml:lang="en" lang="en">
 <head>
  <title>
</title>
<meta http-equiv="Content-Type" content="text/html;charset=utf-8" />
  <meta name='ocr-system' content='tesseract 3.04.00' />
  <meta name='ocr-capabilities' content='ocr_page ocr_carea ocr_par ocr_line ocrx_word'/>
</head>
<body>
  <div class='ocr_page' id='page_1' title='image "./csuetoniitranqu00suetgoog_0064.png"; bbox 0 0 3066 5148; ppageno 0'>
   <div class='ocr_carea' id='block_1_1' title="bbox 376 529 1510 2526">
    <p class='ocr_par' dir='ltr' id='par_1_1' title="bbox 376 529 1510 2526">
     <span class='ocr_line' id='line_1_1' title="bbox 395 529 1056 600; baseline 0.003 -4"><span class='ocrx_word' id='word_1_1' title='bbox 395 529 435 596; x_wconf 79' lang='lat'>52</span> <span class='ocrx_word' id='word_1_2' title='bbox 463 575 466 582; x_wconf 88' lang='lat'><em>·</em></span> <span class='ocrx_word' id='word_1_3' title='bbox 762 536 798 596; x_wconf 83' lang='lat' dir='ltr'>G.</span> <span class='ocrx_word' id='word_1_4' title='bbox 825 533 1056 600; x_wconf 81' lang='lat' dir='ltr'>SUETONll</span> 
     </span>
     <span class='ocr_line' id='line_1_2' title="bbox 392 659 1428 754; baseline 0.012 -30"><span class='ocrx_word' id='word_1_5' title='bbox 392 659 510 741; x_wconf 83' lang='lat' dir='ltr'>disset;</span> <span class='ocrx_word' id='word_1_6' title='bbox 525 660 683 726; x_wconf 85' lang='lat' dir='ltr'>invitatus</span> <span class='ocrx_word' id='word_1_7' title='bbox 694 659 806 741; x_wconf 88' lang='lat' dir='ltr'>lucro,</span> <span class='ocrx_word' id='word_1_8' title='bbox 820 660 980 754; x_wconf 83' lang='lat' dir='ltr'>quicquid</span> <span class='ocrx_word' id='word_1_9' title='bbox 992 664 1205 730; x_wconf 85' lang='lat' dir='ltr'>instrumenti</span> <span class='ocrx_word' id='word_1_10' title='bbox 1215 668 1337 733; x_wconf 89' lang='lat' dir='ltr'>veteris</span> <span class='ocrx_word' id='word_1_11' title='bbox 1349 668 1428 736; x_wconf 84' lang='lat' dir='ltr'>aulae</span> 
     </span>
     <span class='ocr_line' id='line_1_3' title="bbox 392 770 1428 869; baseline 0.011 -33"><span class='ocrx_word' id='word_1_12' title='bbox 392 789 479 853; x_wconf 89' lang='lat' dir='ltr'>erat,</span> <span class='ocrx_word' id='word_1_13' title='bbox 501 771 543 838; x_wconf 83' lang='lat' dir='ltr'>ab</span> <span class='ocrx_word' id='word_1_14' title='bbox 565 770 656 837; x_wconf 87' lang='lat' dir='ltr'>Urbe</span> <span class='ocrx_word' id='word_1_15' title='bbox 679 773 828 863; x_wconf 72' lang='lat' dir='ltr'>repetiit,</span> <span class='ocrx_word' id='word_1_16' title='bbox 853 772 1103 866; x_wconf 82' lang='lat' dir='ltr'><strong>comprehensis</strong></span> <span class='ocrx_word' id='word_1_17' title='bbox 1122 773 1165 842; x_wconf 87' lang='lat' dir='ltr'>ad</span> <span class='ocrx_word' id='word_1_18' title='bbox 1185 774 1428 869; x_wconf 86' lang='lat' dir='ltr'>deportandum</span> 
     </span>
     <span class='ocr_line' id='line_1_4' title="bbox 391 880 1428 979; baseline 0.005 -30"><span class='ocrx_word' id='word_1_19' title='bbox 391 883 569 950; x_wconf 87' lang='lat' dir='ltr'>meritoriis</span> <span class='ocrx_word' id='word_1_20' title='bbox 586 904 720 975; x_wconf 88' lang='lat' dir='ltr'>quoque</span> <span class='ocrx_word' id='word_1_21' title='bbox 736 880 915 962; x_wconf 87' lang='lat' dir='ltr'>vehiculis,</span> <span class='ocrx_word' id='word_1_22' title='bbox 933 899 967 949; x_wconf 89' lang='lat' dir='ltr'>et</span> <span class='ocrx_word' id='word_1_23' title='bbox 984 885 1240 975; x_wconf 86' lang='lat' dir='ltr'>pistrinensibus</span> <span class='ocrx_word' id='word_1_24' title='bbox 1253 883 1428 979; x_wconf 86' lang='lat' dir='ltr'>jumentis:</span> 
     </span>
     <span class='ocr_line' id='line_1_5' title="bbox 390 994 1429 1090; baseline 0.004 -27"><span class='ocrx_word' id='word_1_25' title='bbox 390 994 493 1076; x_wconf 91' lang='lat' dir='ltr'>adeo,</span> <span class='ocrx_word' id='word_1_26' title='bbox 515 1010 553 1060; x_wconf 92' lang='lat' dir='ltr'>ut</span> <span class='ocrx_word' id='word_1_27' title='bbox 574 1008 607 1061; x_wconf 89' lang='lat' dir='ltr'>et</span> <span class='ocrx_word' id='word_1_28' title='bbox 626 995 723 1084; x_wconf 87' lang='lat' dir='ltr'>panis</span> <span class='ocrx_word' id='word_1_29' title='bbox 743 997 858 1058; x_wconf 83' lang='lat' dir='ltr'>Romee</span> <span class='ocrx_word' id='word_1_30' title='bbox 878 1018 968 1086; x_wconf 87' lang='lat' dir='ltr'>saepe</span> <span class='ocrx_word' id='word_1_31' title='bbox 984 994 1159 1078; x_wconf 81' lang='lat' dir='ltr'>deiiceret,</span> <span class='ocrx_word' id='word_1_32' title='bbox 1180 1013 1214 1064; x_wconf 91' lang='lat' dir='ltr'>et</span> <span class='ocrx_word' id='word_1_33' title='bbox 1230 995 1429 1090; x_wconf 76' lang='lat' dir='ltr'>litigatorum</span> 
     </span>
     <span class='ocr_line' id='line_1_6' title="bbox 387 1101 1428 1198; baseline 0.003 -27"><span class='ocrx_word' id='word_1_34' title='bbox 387 1104 559 1198; x_wconf 78' lang='lat' dir='ltr'>plerique,</span> <span class='ocrx_word' id='word_1_35' title='bbox 581 1101 673 1197; x_wconf 91' lang='lat' dir='ltr'>quod</span> <span class='ocrx_word' id='word_1_36' title='bbox 692 1125 866 1170; x_wconf 87' lang='lat' dir='ltr'>occurrere</span> <span class='ocrx_word' id='word_1_37' title='bbox 883 1102 1039 1170; x_wconf 86' lang='lat' dir='ltr'>absentes</span> <span class='ocrx_word' id='word_1_38' title='bbox 1056 1102 1100 1171; x_wconf 91' lang='lat' dir='ltr'>ad</span> <span class='ocrx_word' id='word_1_39' title='bbox 1114 1102 1346 1174; x_wconf 87' lang='lat' dir='ltr'>vadimonium</span> <span class='ocrx_word' id='word_1_40' title='bbox 1365 1131 1428 1175; x_wconf 92' lang='lat' dir='ltr'>non</span> 
     </span>
     <span class='ocr_line' id='line_1_7' title="bbox 388 1209 1429 1308; baseline 0.002 -26"><span class='ocrx_word' id='word_1_41' title='bbox 388 1211 563 1308; x_wconf 68' lang='lat' dir='ltr'>possenti,</span> <span class='ocrx_word' id='word_1_42' title='bbox 585 1235 686 1278; x_wconf 81' lang='lat' dir='ltr'>causa</span> <span class='ocrx_word' id='word_1_43' title='bbox 708 1209 875 1278; x_wconf 88' lang='lat' dir='ltr'>caderent.</span> <span class='ocrx_word' id='word_1_44' title='bbox 892 1215 952 1280; x_wconf 89' lang='lat' dir='ltr'>Cui</span> <span class='ocrx_word' id='word_1_45' title='bbox 972 1215 1195 1281; x_wconf 86' lang='lat' dir='ltr'>instrumento</span> <span class='ocrx_word' id='word_1_46' title='bbox 1215 1213 1429 1285; x_wconf 83' lang='lat' dir='ltr'>distrahendo</span> 
     </span>
     <span class='ocr_line' id='line_1_8' title="bbox 390 1318 1427 1393; baseline 0.002 -2"><span class='ocrx_word' id='word_1_47' title='bbox 390 1323 472 1392; x_wconf 92' lang='lat' dir='ltr'>nihil</span> <span class='ocrx_word' id='word_1_48' title='bbox 492 1347 562 1390; x_wconf 87' lang='lat' dir='ltr'>non</span> <span class='ocrx_word' id='word_1_49' title='bbox 579 1318 707 1388; x_wconf 89' lang='lat' dir='ltr'>fraudis</span> <span class='ocrx_word' id='word_1_50' title='bbox 727 1343 767 1388; x_wconf 88' lang='lat' dir='ltr'>ac</span> <span class='ocrx_word' id='word_1_51' title='bbox 787 1320 942 1389; x_wconf 85' lang='lat' dir='ltr'>lenocinii</span> <span class='ocrx_word' id='word_1_52' title='bbox 962 1321 1136 1390; x_wconf 84' lang='lat' dir='ltr'>adhibuit:</span> <span class='ocrx_word' id='word_1_53' title='bbox 1163 1323 1267 1393; x_wconf 91' lang='lat' dir='ltr'>modo</span> <span class='ocrx_word' id='word_1_54' title='bbox 1287 1328 1427 1393; x_wconf 75' lang='lat' dir='ltr'>avaritie</span> 
     </span>
     <span class='ocr_line' id='line_1_9' title="bbox 387 1434 1430 1530; baseline -0.003 -24"><span class='ocrx_word' id='word_1_55' title='bbox 387 1435 540 1530; x_wconf 77' lang='lat' dir='ltr'>singulos</span> <span class='ocrx_word' id='word_1_56' title='bbox 561 1438 757 1526; x_wconf 85' lang='lat' dir='ltr'>increpans,</span> <span class='ocrx_word' id='word_1_57' title='bbox 776 1450 827 1516; x_wconf 91' lang='lat' dir='ltr'>et,</span> <span class='ocrx_word' id='word_1_58' title='bbox 853 1434 970 1528; x_wconf 76' lang='lat' dir='ltr'>«quod</span> <span class='ocrx_word' id='word_1_59' title='bbox 990 1460 1059 1503; x_wconf 90' lang='lat' dir='ltr'>non</span> <span class='ocrx_word' id='word_1_60' title='bbox 1080 1434 1222 1528; x_wconf 86' lang='lat' dir='ltr'>puderet</span> <span class='ocrx_word' id='word_1_61' title='bbox 1240 1461 1318 1520; x_wconf 90' lang='lat' dir='ltr'>eos,</span> <span class='ocrx_word' id='word_1_62' title='bbox 1341 1436 1430 1505; x_wconf 92' lang='lat' dir='ltr'>locu·</span> 
     </span>
     <span class='ocr_line' id='line_1_10' title="bbox 388 1530 1426 1643; baseline -0.001 -28"><span class='ocrx_word' id='word_1_63' title='bbox 388 1548 546 1643; x_wconf 90' lang='lat' dir='ltr'>pletiores</span> <span class='ocrx_word' id='word_1_64' title='bbox 566 1568 655 1626; x_wconf 88' lang='lat' dir='ltr'>esse,</span> <span class='ocrx_word' id='word_1_65' title='bbox 670 1568 773 1638; x_wconf 82' lang='lat' dir='ltr'>quam</span> <span class='ocrx_word' id='word_1_66' title='bbox 791 1567 869 1627; x_wconf 75' lang='lat' dir='ltr'>se3»</span> <span class='ocrx_word' id='word_1_67' title='bbox 886 1544 986 1613; x_wconf 90' lang='lat' dir='ltr'>modo</span> <span class='ocrx_word' id='word_1_68' title='bbox 1003 1530 1232 1640; x_wconf 77' lang='lat' dir='ltr'>poenitentiam</span> <span class='ocrx_word' id='word_1_69' title='bbox 1251 1546 1426 1626; x_wconf 87' lang='lat' dir='ltr'>simulans,</span> 
     </span>
     <span class='ocr_line' id='line_1_11' title="bbox 389 1646 1428 1756; baseline -0.002 -30"><span class='ocrx_word' id='word_1_70' title='bbox 389 1656 481 1756; x_wconf 92' lang='lat' dir='ltr'>quod</span> <span class='ocrx_word' id='word_1_71' title='bbox 499 1646 735 1750; x_wconf 83' lang='lat' dir='ltr'>principalium</span> <span class='ocrx_word' id='word_1_72' title='bbox 754 1678 867 1724; x_wconf 87' lang='lat' dir='ltr'>rerum</span> <span class='ocrx_word' id='word_1_73' title='bbox 885 1659 1022 1748; x_wconf 85' lang='lat' dir='ltr'>privatis</span> <span class='ocrx_word' id='word_1_74' title='bbox 1037 1660 1168 1750; x_wconf 86' lang='lat' dir='ltr'>copiam</span> <span class='ocrx_word' id='word_1_75' title='bbox 1182 1657 1317 1726; x_wconf 85' lang='lat' dir='ltr'>faceret.</span> <span class='ocrx_word' id='word_1_76' title='bbox 1337 1662 1428 1724; x_wconf 91' lang='lat' dir='ltr'>Gom·</span> 
     </span>
     <span class='ocr_line' id='line_1_12' title="bbox 388 1765 1426 1862; baseline -0.001 -27"><span class='ocrx_word' id='word_1_77' title='bbox 388 1785 539 1862; x_wconf 88' lang='lat' dir='ltr'>pererat,</span> <span class='ocrx_word' id='word_1_78' title='bbox 557 1766 796 1860; x_wconf 85' lang='lat' dir='ltr'>provincialem</span> <span class='ocrx_word' id='word_1_79' title='bbox 814 1765 1015 1859; x_wconf 80' lang='lat' dir='ltr'>locupletem</span> <span class='ocrx_word' id='word_1_80' title='bbox 1036 1767 1180 1836; x_wconf 88' lang='lat' dir='ltr'>ducenta</span> <span class='ocrx_word' id='word_1_81' title='bbox 1198 1771 1351 1837; x_wconf 83' lang='lat' dir='ltr'>sestertia</span> <span class='ocrx_word' id='word_1_82' title='bbox 1367 1791 1426 1835; x_wconf 90' lang='lat' dir='ltr'>nu·</span> 
     </span>
     <span class='ocr_line' id='line_1_13' title="bbox 376 1875 1426 1969; baseline -0.001 -22"><span class='ocrx_word' id='word_1_83' title='bbox 376 1893 536 1947; x_wconf 87' lang='lat' dir='ltr'>&#39;merasse</span> <span class='ocrx_word' id='word_1_84' title='bbox 556 1875 808 1958; x_wconf 88' lang='lat' dir='ltr'>vocatoribus⁵,</span> <span class='ocrx_word' id='word_1_85' title='bbox 832 1893 870 1944; x_wconf 91' lang='lat' dir='ltr'>ut</span> <span class='ocrx_word' id='word_1_86' title='bbox 892 1901 952 1969; x_wconf 86' lang='lat' dir='ltr'>per</span> <span class='ocrx_word' id='word_1_87' title='bbox 972 1877 1136 1946; x_wconf 87' lang='lat' dir='ltr'>fallaciam</span> <span class='ocrx_word' id='word_1_88' title='bbox 1158 1881 1311 1947; x_wconf 89' lang='lat' dir='ltr'>convivio</span> <span class='ocrx_word' id='word_1_89' title='bbox 1332 1882 1426 1946; x_wconf 74' lang='lat' dir='ltr'>inter</span> 
     </span>
     <span class='ocr_line' id='line_1_14' title="bbox 388 1984 1425 2081; baseline 0 -25"><span class='ocrx_word' id='word_1_90' title='bbox 388 2003 583 2081; x_wconf 81' lang='lat' dir='ltr'>poneretur,</span> <span class='ocrx_word' id='word_1_91' title='bbox 599 2009 662 2057; x_wconf 84' lang='lat' dir='ltr'>nec</span> <span class='ocrx_word' id='word_1_92' title='bbox 673 1984 797 2053; x_wconf 88' lang='lat' dir='ltr'>tulerat</span> <span class='ocrx_word' id='word_1_93' title='bbox 806 1984 964 2068; x_wconf 85' lang='lat' dir='ltr'>moleste,</span> <span class='ocrx_word' id='word_1_94' title='bbox 983 2003 1051 2054; x_wconf 91' lang='lat' dir='ltr'>tam</span> <span class='ocrx_word' id='word_1_95' title='bbox 1064 2013 1186 2080; x_wconf 77' lang='lat' dir='ltr'>magno</span> <span class='ocrx_word' id='word_1_96' title='bbox 1200 1991 1363 2056; x_wconf 82' lang='lat' dir='ltr'>aestimari·</span> <span class='ocrx_word' id='word_1_97' title='bbox 1372 1987 1425 2056; x_wconf 92' lang='lat' dir='ltr'>bo·</span> 
     </span>
     <span class='ocr_line' id='line_1_15' title="bbox 386 2095 1425 2188; baseline -0.002 -22"><span class='ocrx_word' id='word_1_98' title='bbox 386 2115 626 2168; x_wconf 81' lang='lat' dir='ltr'>norem&#39;coenae</span> <span class='ocrx_word' id='word_1_99' title='bbox 643 2121 724 2164; x_wconf 83' lang='lat' dir='ltr'>suae.</span> <span class='ocrx_word' id='word_1_100' title='bbox 744 2098 831 2163; x_wconf 92' lang='lat' dir='ltr'>Huic</span> <span class='ocrx_word' id='word_1_101' title='bbox 848 2113 985 2188; x_wconf 88' lang='lat' dir='ltr'>postero</span> <span class='ocrx_word' id='word_1_102' title='bbox 1000 2095 1054 2164; x_wconf 89' lang='lat' dir='ltr'>die</span> <span class='ocrx_word' id='word_1_103' title='bbox 1071 2098 1201 2166; x_wconf 88' lang='lat' dir='ltr'>sedenti</span> <span class='ocrx_word' id='word_1_104' title='bbox 1219 2101 1256 2167; x_wconf 92' lang='lat' dir='ltr'>in</span> <span class='ocrx_word' id='word_1_105' title='bbox 1276 2102 1425 2167; x_wconf 84' lang='lat' dir='ltr'>auctione</span> 
     </span>
     <span class='ocr_line' id='line_1_16' title="bbox 387 2189 1510 2303; baseline -0.001 -26"><span class='ocrx_word' id='word_1_106' title='bbox 387 2213 495 2292; x_wconf 89' lang='lat' dir='ltr'>misit,</span> <span class='ocrx_word' id='word_1_107' title='bbox 514 2213 572 2303; x_wconf 92' lang='lat' dir='ltr'>qui</span> <span class='ocrx_word' id='word_1_108' title='bbox 590 2209 703 2276; x_wconf 86' lang='lat' dir='ltr'>nescio</span> <span class='ocrx_word' id='word_1_109' title='bbox 718 2206 800 2302; x_wconf 92' lang='lat' dir='ltr'>quid</span> <span class='ocrx_word' id='word_1_110' title='bbox 813 2205 923 2276; x_wconf 84' lang='lat' dir='ltr'>frivoli</span> <span class='ocrx_word' id='word_1_111' title='bbox 935 2207 1086 2277; x_wconf 87' lang='lat' dir='ltr'>ducentis</span> <span class='ocrx_word' id='word_1_112' title='bbox 1098 2197 1248 2276; x_wconf 89' lang='lat' dir='ltr'>millibus</span> <span class='ocrx_word' id='word_1_113' title='bbox 1265 2211 1423 2290; x_wconf 86' lang='lat' dir='ltr'>traderet,</span> <span class='ocrx_word' id='word_1_114' title='bbox 1507 2189 1510 2197; x_wconf 38' lang='lat'>¹</span> 
     </span>
     <span class='ocr_line' id='line_1_17' title="bbox 385 2317 1421 2416; baseline 0.004 -30"><span class='ocrx_word' id='word_1_115' title='bbox 385 2317 594 2413; x_wconf 88' lang='lat' dir='ltr'>diceretque,</span> <span class='ocrx_word' id='word_1_116' title='bbox 608 2350 623 2379; x_wconf 73' lang='grc' dir='ltr'>«ι</span> <span class='ocrx_word' id='word_1_117' title='bbox 634 2334 844 2386; x_wconf 78' lang='lat' dir='ltr'>coenaturum</span> <span class='ocrx_word' id='word_1_118' title='bbox 855 2317 946 2410; x_wconf 90' lang='lat' dir='ltr'>apud</span> <span class='ocrx_word' id='word_1_119' title='bbox 955 2321 1137 2402; x_wconf 85' lang='lat' dir='ltr'>Caesarem,</span> <span class='ocrx_word' id='word_1_120' title='bbox 1150 2338 1273 2391; x_wconf 86' lang='lat' dir='ltr'>vocatu</span> <span class='ocrx_word' id='word_1_121' title='bbox 1284 2325 1421 2416; x_wconf 75' lang='lat' dir='ltr'>ipsius.»</span> 
     </span>
     <span class='ocr_line' id='line_1_18' title="bbox 434 2427 1424 2526; baseline 0.002 -30"><span class='ocrx_word' id='word_1_122' title='bbox 434 2433 501 2496; x_wconf 88' lang='lat' dir='ltr'>XL.</span> <span class='ocrx_word' id='word_1_123' title='bbox 527 2427 709 2520; x_wconf 75' lang='lat' dir='ltr'>Vectigalia</span> <span class='ocrx_word' id='word_1_124' title='bbox 720 2450 808 2494; x_wconf 89' lang='lat' dir='ltr'>nova</span> <span class='ocrx_word' id='word_1_125' title='bbox 820 2444 922 2522; x_wconf 87' lang='lat' dir='ltr'>atque</span> <span class='ocrx_word' id='word_1_126' title='bbox 932 2427 1096 2496; x_wconf 84' lang='lat' dir='ltr'>inaudita·</span> <span class='ocrx_word' id='word_1_127' title='bbox 1111 2483 1119 2512; x_wconf 97' lang='lat'>,</span> <span class='ocrx_word' id='word_1_128' title='bbox 1134 2434 1284 2522; x_wconf 89' lang='lat' dir='ltr'>primum</span> <span class='ocrx_word' id='word_1_129' title='bbox 1296 2456 1357 2526; x_wconf 92' lang='lat' dir='ltr'>per</span> <span class='ocrx_word' id='word_1_130' title='bbox 1367 2456 1424 2526; x_wconf 89' lang='lat' dir='ltr'>pu·</span> 
     </span>
    </p>
   </div>
   <div class='ocr_carea' id='block_1_2' title="bbox 385 2536 1473 3192">
    <p class='ocr_par' dir='ltr' id='par_1_2' title="bbox 385 2536 1473 3192">
     <span class='ocr_line' id='line_1_19' title="bbox 386 2536 1424 2636; baseline 0.004 -31"><span class='ocrx_word' id='word_1_131' title='bbox 386 2538 555 2620; x_wconf 89' lang='lat' dir='ltr'>blicanos,</span> <span class='ocrx_word' id='word_1_132' title='bbox 575 2536 713 2619; x_wconf 88' lang='lat' dir='ltr'>deinde,</span> <span class='ocrx_word' id='word_1_133' title='bbox 734 2540 812 2632; x_wconf 92' lang='lat' dir='ltr'>quia</span> <span class='ocrx_word' id='word_1_134' title='bbox 833 2537 965 2604; x_wconf 88' lang='lat' dir='ltr'>lucrum</span> <span class='ocrx_word' id='word_1_135' title='bbox 986 2539 1208 2624; x_wconf 85' lang='lat' dir='ltr'>exuberabat,</span> <span class='ocrx_word' id='word_1_136' title='bbox 1230 2567 1293 2636; x_wconf 87' lang='lat' dir='ltr'>per</span> <span class='ocrx_word' id='word_1_137' title='bbox 1309 2548 1424 2612; x_wconf 91' lang='lat' dir='ltr'>Centu-</span> 
     </span>
     <span class='ocr_line' id='line_1_20' title="bbox 386 2649 1473 2742; baseline -0.001 -22"><span class='ocrx_word' id='word_1_138' title='bbox 386 2653 497 2720; x_wconf 89' lang='lat' dir='ltr'>riones</span> <span class='ocrx_word' id='word_1_139' title='bbox 516 2649 752 2742; x_wconf 86' lang='lat' dir='ltr'>Tribunosque</span> <span class='ocrx_word' id='word_1_140' title='bbox 774 2651 992 2742; x_wconf 74' lang='lat' dir='ltr'>praetorianos</span> <span class='ocrx_word' id='word_1_141' title='bbox 1011 2655 1177 2735; x_wconf 85' lang='lat' dir='ltr'>exercuit,</span> <span class='ocrx_word' id='word_1_142' title='bbox 1198 2654 1296 2722; x_wconf 91' lang='lat' dir='ltr'>nullo</span> <span class='ocrx_word' id='word_1_143' title='bbox 1316 2677 1423 2722; x_wconf 86' lang='lat' dir='ltr'>rerum</span> <span class='ocrx_word' id='word_1_144' title='bbox 1469 2665 1473 2673; x_wconf 89' lang='lat'><em>&#39;</em></span> 
     </span>
     <span class='ocr_line' id='line_1_21' title="bbox 385 2759 1424 2860; baseline 0.004 -33"><span class='ocrx_word' id='word_1_145' title='bbox 385 2777 445 2827; x_wconf 89' lang='lat' dir='ltr'>aut</span> <span class='ocrx_word' id='word_1_146' title='bbox 457 2759 634 2827; x_wconf 89' lang='lat' dir='ltr'>hominum</span> <span class='ocrx_word' id='word_1_147' title='bbox 650 2781 771 2851; x_wconf 74' lang='lat' dir='ltr'>genere</span> <span class='ocrx_word' id='word_1_148' title='bbox 788 2761 928 2842; x_wconf 91' lang='lat' dir='ltr'>omisso,</span> <span class='ocrx_word' id='word_1_149' title='bbox 943 2762 997 2826; x_wconf 91' lang='lat' dir='ltr'>cui</span> <span class='ocrx_word' id='word_1_150' title='bbox 1014 2783 1083 2828; x_wconf 89' lang='lat' dir='ltr'>non</span> <span class='ocrx_word' id='word_1_151' title='bbox 1097 2761 1212 2830; x_wconf 91' lang='lat' dir='ltr'>tributi</span> <span class='ocrx_word' id='word_1_152' title='bbox 1227 2762 1355 2860; x_wconf 86' lang='lat' dir='ltr'>aliquid</span> <span class='ocrx_word' id='word_1_153' title='bbox 1368 2768 1424 2830; x_wconf 90' lang='lat' dir='ltr'>im·</span> 
     </span>
     <span class='ocr_line' id='line_1_22' title="bbox 386 2865 1424 2966; baseline 0.002 -28"><span class='ocrx_word' id='word_1_154' title='bbox 386 2887 536 2964; x_wconf 89' lang='lat' dir='ltr'>poneret.</span> <span class='ocrx_word' id='word_1_155' title='bbox 551 2876 615 2938; x_wconf 90' lang='lat' dir='ltr'>Pro</span> <span class='ocrx_word' id='word_1_156' title='bbox 628 2865 783 2938; x_wconf 88' lang='lat' dir='ltr'>edulibus</span> <span class='ocrx_word' id='word_1_157' title='bbox 794 2886 826 2953; x_wconf 88' lang='lat'>²,</span> <span class='ocrx_word' id='word_1_158' title='bbox 842 2896 917 2966; x_wconf 81' lang='lat' dir='ltr'>quae</span> <span class='ocrx_word' id='word_1_159' title='bbox 930 2887 998 2938; x_wconf 85' lang='lat' dir='ltr'>tota</span> <span class='ocrx_word' id='word_1_160' title='bbox 1010 2872 1101 2940; x_wconf 91' lang='lat' dir='ltr'>Urbe</span> <span class='ocrx_word' id='word_1_161' title='bbox 1113 2877 1285 2960; x_wconf 85' lang='lat' dir='ltr'>venirent,</span> <span class='ocrx_word' id='word_1_162' title='bbox 1301 2892 1424 2945; x_wconf 86' lang='lat' dir='ltr'>certum</span> 
     </span>
     <span class='ocr_line' id='line_1_23' title="bbox 385 2978 1423 3079; baseline 0.002 -30"><span class='ocrx_word' id='word_1_163' title='bbox 385 2978 636 3077; x_wconf 83' lang='lat' dir='ltr'>statutumque³</span> <span class='ocrx_word' id='word_1_164' title='bbox 652 2981 863 3074; x_wconf 76' lang='lat' dir='ltr'>exigebatur:</span> <span class='ocrx_word' id='word_1_165' title='bbox 879 3007 942 3075; x_wconf 91' lang='lat' dir='ltr'>pro</span> <span class='ocrx_word' id='word_1_166' title='bbox 953 2982 1068 3050; x_wconf 88' lang='lat' dir='ltr'>litibus</span> <span class='ocrx_word' id='word_1_167' title='bbox 1082 3000 1183 3079; x_wconf 90' lang='lat' dir='ltr'>atque</span> <span class='ocrx_word' id='word_1_168' title='bbox 1191 2982 1344 3079; x_wconf 88' lang='lat' dir='ltr'>judiciis,</span> <span class='ocrx_word' id='word_1_169' title='bbox 1358 2986 1423 3054; x_wconf 89' lang='lat' dir='ltr'>ubi-</span> 
     </span>
     <span class='ocr_line' id='line_1_24' title="bbox 385 3087 1422 3192; baseline 0.001 -31"><span class='ocrx_word' id='word_1_170' title='bbox 385 3117 519 3189; x_wconf 91' lang='lat' dir='ltr'>cunque</span> <span class='ocrx_word' id='word_1_171' title='bbox 537 3093 726 3184; x_wconf 87' lang='lat' dir='ltr'>conceptis,</span> <span class='ocrx_word' id='word_1_172' title='bbox 744 3087 998 3186; x_wconf 78' lang='lat' dir='ltr'>quadragesima</span> <span class='ocrx_word' id='word_1_173' title='bbox 1010 3117 1149 3162; x_wconf 87' lang='lat' dir='ltr'>summae</span> <span class='ocrx_word' id='word_1_174' title='bbox 1160 3148 1169 3176; x_wconf 96' lang='lat'>,</span> <span class='ocrx_word' id='word_1_175' title='bbox 1182 3093 1224 3163; x_wconf 93' lang='lat' dir='ltr'>de</span> <span class='ocrx_word' id='word_1_176' title='bbox 1241 3122 1310 3192; x_wconf 86' lang='lat' dir='ltr'>qua</span> <span class='ocrx_word' id='word_1_177' title='bbox 1323 3096 1422 3186; x_wconf 71' lang='lat' dir='ltr'>litiga-</span> 
     </span>
    </p>
   </div>
   <div class='ocr_carea' id='block_1_3' title="bbox 331 3356 1423 4302">
    <p class='ocr_par' dir='ltr' id='par_1_3' title="bbox 331 3356 1423 4302">
     <span class='ocr_line' id='line_1_25' title="bbox 419 3356 1423 3430; baseline -0.002 -20"><span class='ocrx_word' id='word_1_178' title='bbox 419 3361 445 3426; x_wconf 70' lang='grc'>4.</span> <span class='ocrx_word' id='word_1_179' title='bbox 459 3359 534 3428; x_wconf 84' lang='lat' dir='ltr'>Quod</span> <span class='ocrx_word' id='word_1_180' title='bbox 542 3375 669 3411; x_wconf 78' lang='lat' dir='ltr'>occurrero</span> <span class='ocrx_word' id='word_1_181' title='bbox 678 3358 789 3410; x_wconf 82' lang='lat' dir='ltr'>absentes</span> <span class='ocrx_word' id='word_1_182' title='bbox 798 3356 833 3407; x_wconf 83' lang='lat' dir='ltr'>ad</span> <span class='ocrx_word' id='word_1_183' title='bbox 843 3377 883 3410; x_wconf 79' lang='lat' dir='ltr'>va·</span> <span class='ocrx_word' id='word_1_184' title='bbox 965 3356 989 3408; x_wconf 85' lang='lat'>5.</span> <span class='ocrx_word' id='word_1_185' title='bbox 1004 3357 1184 3420; x_wconf 74' lang='lat' dir='ltr'>Vocatoribus5</span> <span class='ocrx_word' id='word_1_186' title='bbox 1199 3361 1245 3430; x_wconf 87' lang='lat' dir='ltr'>qui</span> <span class='ocrx_word' id='word_1_187' title='bbox 1254 3359 1423 3413; x_wconf 73' lang='lat' dir='ltr'>convivatio·</span> 
     </span>
     <span class='ocr_line' id='line_1_26' title="bbox 383 3435 1054 3507; baseline 0 -17"><span class='ocrx_word' id='word_1_188' title='bbox 383 3439 530 3492; x_wconf 72' lang='lat' dir='ltr'>alimonium</span> <span class='ocrx_word' id='word_1_189' title='bbox 548 3454 602 3487; x_wconf 83' lang='lat' dir='ltr'>non</span> <span class='ocrx_word' id='word_1_190' title='bbox 618 3447 737 3507; x_wconf 69' lang='lat' dir='ltr'>possein,-</span> <span class='ocrx_word' id='word_1_191' title='bbox 759 3435 811 3487; x_wconf 90' lang='lat' dir='ltr'>boc</span> <span class='ocrx_word' id='word_1_192' title='bbox 828 3450 882 3504; x_wconf 86' lang='lat' dir='ltr'>est,</span> <span class='ocrx_word' id='word_1_193' title='bbox 928 3436 1054 3490; x_wconf 79' lang='lat' dir='ltr'>vitabant.</span> 
     </span>
     <span class='ocr_line' id='line_1_27' title="bbox 384 3514 1423 3593; baseline -0.003 -21"><span class='ocrx_word' id='word_1_194' title='bbox 384 3523 474 3572; x_wconf 82' lang='lat' dir='ltr'>sistere</span> <span class='ocrx_word' id='word_1_195' title='bbox 489 3535 516 3568; x_wconf 81' lang='lat' dir='ltr'>se</span> <span class='ocrx_word' id='word_1_196' title='bbox 530 3517 557 3566; x_wconf 88' lang='lat' dir='ltr'>in</span> <span class='ocrx_word' id='word_1_197' title='bbox 569 3514 687 3584; x_wconf 84' lang='lat' dir='ltr'>judicio,</span> <span class='ocrx_word' id='word_1_198' title='bbox 702 3516 795 3587; x_wconf 91' lang='lat' dir='ltr'>inquo</span> <span class='ocrx_word' id='word_1_199' title='bbox 809 3527 881 3566; x_wconf 86' lang='lat' dir='ltr'>certo</span> <span class='ocrx_word' id='word_1_200' title='bbox 962 3516 1016 3569; x_wconf 83' lang='lat' dir='ltr'>XL.</span> <span class='ocrx_word' id='word_1_201' title='bbox 1033 3535 1054 3570; x_wconf 89' lang='lat'>1.</span> <span class='ocrx_word' id='word_1_202' title='bbox 1066 3519 1423 3593; x_wconf 70' lang='lat' dir='ltr'>Vectipoelianovaatqusin-</span> 
     </span>
     <span class='ocr_line' id='line_1_28' title="bbox 383 3594 1421 3664; baseline -0.003 -12"><span class='ocrx_word' id='word_1_203' title='bbox 383 3599 426 3652; x_wconf 85' lang='lat' dir='ltr'>die</span> <span class='ocrx_word' id='word_1_204' title='bbox 434 3595 688 3660; x_wconf 49' lang='lat' dir='ltr'>affatur-ostensos</span> <span class='ocrx_word' id='word_1_205' title='bbox 696 3594 814 3661; x_wconf 85' lang='lat' dir='ltr'>vadibus,</span> <span class='ocrx_word' id='word_1_206' title='bbox 822 3613 882 3664; x_wconf 91' lang='lat' dir='ltr'>pro·</span> <span class='ocrx_word' id='word_1_207' title='bbox 927 3597 1031 3661; x_wconf 70' lang='lat' dir='ltr'>medita,</span> <span class='ocrx_word' id='word_1_208' title='bbox 1045 3611 1095 3650; x_wconf 83' lang='lat' dir='ltr'>etc.</span> <span class='ocrx_word' id='word_1_209' title='bbox 1115 3597 1192 3651; x_wconf 83' lang='lat' dir='ltr'>conf.</span> <span class='ocrx_word' id='word_1_210' title='bbox 1208 3597 1304 3652; x_wconf 82' lang='lat' dir='ltr'>Dionis</span> <span class='ocrx_word' id='word_1_211' title='bbox 1319 3600 1421 3662; x_wconf 87' lang='lat' dir='ltr'>locum,</span> 
     </span>
     <span class='ocr_line' id='line_1_29' title="bbox 331 3673 1421 3749; baseline -0.006 -17"><span class='ocrx_word' id='word_1_212' title='bbox 331 3681 333 3690; x_wconf 75' lang='grc'>’</span> <span class='ocrx_word' id='word_1_213' title='bbox 384 3679 522 3739; x_wconf 81' lang='lat' dir='ltr'>miserunt,</span> <span class='ocrx_word' id='word_1_214' title='bbox 535 3692 589 3725; x_wconf 89' lang='lat' dir='ltr'>non</span> <span class='ocrx_word' id='word_1_215' title='bbox 602 3687 740 3744; x_wconf 85' lang='lat' dir='ltr'>poterant,</span> <span class='ocrx_word' id='word_1_216' title='bbox 750 3675 792 3725; x_wconf 77' lang='lat' dir='ltr'>ria</span> <span class='ocrx_word' id='word_1_217' title='bbox 802 3675 828 3724; x_wconf 92' lang='lat' dir='ltr'>in</span> <span class='ocrx_word' id='word_1_218' title='bbox 838 3675 883 3736; x_wconf 89' lang='lat' dir='ltr'>Ur·</span> <span class='ocrx_word' id='word_1_219' title='bbox 926 3673 998 3737; x_wconf 71' lang='lat' dir='ltr'>LIX,</span> <span class='ocrx_word' id='word_1_220' title='bbox 1014 3675 1060 3740; x_wconf 82' lang='lat'>28,</span> <span class='ocrx_word' id='word_1_221' title='bbox 1077 3693 1109 3726; x_wconf 82' lang='lat' dir='ltr'>ex</span> <span class='ocrx_word' id='word_1_222' title='bbox 1125 3678 1246 3749; x_wconf 82' lang='lat' dir='ltr'>Excerpt.</span> <span class='ocrx_word' id='word_1_223' title='bbox 1259 3680 1371 3730; x_wconf 83' lang='lat' dir='ltr'>Peiresc.</span> <span class='ocrx_word' id='word_1_224' title='bbox 1384 3695 1421 3728; x_wconf 88' lang='lat' dir='ltr'>re·</span> 
     </span>
     <span class='ocr_line' id='line_1_30' title="bbox 383 3752 1052 3824; baseline -0.004 -17"><span class='ocrx_word' id='word_1_225' title='bbox 383 3758 443 3812; x_wconf 84' lang='lat' dir='ltr'>bern</span> <span class='ocrx_word' id='word_1_226' title='bbox 468 3755 608 3823; x_wconf 71' lang='lat' dir='ltr'>longiore,</span> <span class='ocrx_word' id='word_1_227' title='bbox 633 3752 882 3824; x_wconf 83' lang='lat' dir='ltr'>comprehensisque</span> <span class='ocrx_word' id='word_1_228' title='bbox 926 3754 1052 3822; x_wconf 86' lang='lat' dir='ltr'>positum.</span> 
     </span>
     <span class='ocr_line' id='line_1_31' title="bbox 382 3823 1421 3907; baseline -0.005 -19"><span class='ocrx_word' id='word_1_229' title='bbox 382 3835 506 3888; x_wconf 86' lang='lat' dir='ltr'>omnibus</span> <span class='ocrx_word' id='word_1_230' title='bbox 520 3829 658 3897; x_wconf 89' lang='lat' dir='ltr'>vehiculis,</span> <span class='ocrx_word' id='word_1_231' title='bbox 674 3823 773 3901; x_wconf 81' lang='lat' dir='ltr'>quibus</span> <span class='ocrx_word' id='word_1_232' title='bbox 785 3833 823 3882; x_wconf 91' lang='lat' dir='ltr'>uti</span> <span class='ocrx_word' id='word_1_233' title='bbox 838 3849 883 3900; x_wconf 88' lang='lat' dir='ltr'>po·</span> <span class='ocrx_word' id='word_1_234' title='bbox 964 3849 987 3884; x_wconf 78' lang='lat' dir='ltr'>a.</span> <span class='ocrx_word' id='word_1_235' title='bbox 1006 3831 1140 3887; x_wconf 79' lang='lat' dir='ltr'>Edulr&#39;bus.</span> <span class='ocrx_word' id='word_1_236' title='bbox 1155 3837 1194 3887; x_wconf 88' lang='lat' dir='ltr'>Ita</span> <span class='ocrx_word' id='word_1_237' title='bbox 1208 3838 1315 3890; x_wconf 85' lang='lat' dir='ltr'>Memm.</span> <span class='ocrx_word' id='word_1_238' title='bbox 1330 3835 1421 3907; x_wconf 81' lang='lat' dir='ltr'>aliique</span> 
     </span>
     <span class='ocr_line' id='line_1_32' title="bbox 381 3911 1421 3984; baseline -0.005 -16"><span class='ocrx_word' id='word_1_239' title='bbox 381 3918 499 3969; x_wconf 81' lang='lat' dir='ltr'>tuissent.</span> <span class='ocrx_word' id='word_1_240' title='bbox 522 3913 561 3964; x_wconf 87' lang='lat' dir='ltr'>De</span> <span class='ocrx_word' id='word_1_241' title='bbox 577 3930 633 3962; x_wconf 83' lang='lat' dir='ltr'>voc.</span> <span class='ocrx_word' id='word_1_242' title='bbox 656 3911 835 3962; x_wconf 83' lang='lat' dir='ltr'>vadimonium</span> <span class='ocrx_word' id='word_1_243' title='bbox 857 3923 883 3962; x_wconf 88' lang='lat' dir='ltr'>et</span> <span class='ocrx_word' id='word_1_244' title='bbox 927 3913 1108 3982; x_wconf 77' lang='lat' dir='ltr'>antiquissimi.</span> <span class='ocrx_word' id='word_1_245' title='bbox 1130 3912 1171 3966; x_wconf 80' lang='lat' dir='ltr'>Al.</span> <span class='ocrx_word' id='word_1_246' title='bbox 1188 3915 1287 3969; x_wconf 83' lang='lat' dir='ltr'>eduliis.</span> <span class='ocrx_word' id='word_1_247' title='bbox 1307 3919 1421 3984; x_wconf 81' lang='lat' dir='ltr'>Utraque</span> 
     </span>
     <span class='ocr_line' id='line_1_33' title="bbox 381 3990 1403 4064; baseline -0.004 -17"><span class='ocrx_word' id='word_1_248' title='bbox 381 3994 472 4047; x_wconf 76' lang='lat' dir='ltr'>nudari</span> <span class='ocrx_word' id='word_1_249' title='bbox 483 3991 534 4044; x_wconf 87' lang='lat' dir='ltr'>vid.</span> <span class='ocrx_word' id='word_1_250' title='bbox 544 3990 614 4046; x_wconf 81' lang='lat' dir='ltr'>Clnv.</span> <span class='ocrx_word' id='word_1_251' title='bbox 621 3991 677 4042; x_wconf 87' lang='lat' dir='ltr'>Cic.</span> <span class='ocrx_word' id='word_1_252' title='bbox 686 3991 810 4042; x_wconf 86' lang='lat' dir='ltr'>etRosin.</span> <span class='ocrx_word' id='word_1_253' title='bbox 818 3992 880 4040; x_wconf 81' lang='lat' dir='ltr'>Ant.</span> <span class='ocrx_word' id='word_1_254' title='bbox 926 3991 1011 4043; x_wconf 80' lang='lat' dir='ltr'>forma</span> <span class='ocrx_word' id='word_1_255' title='bbox 1023 3993 1215 4064; x_wconf 83' lang='lat' dir='ltr'>frequentatur.</span> <span class='ocrx_word' id='word_1_256' title='bbox 1228 3995 1270 4048; x_wconf 84' lang='lat' dir='ltr'>cf.</span> <span class='ocrx_word' id='word_1_257' title='bbox 1283 3993 1403 4052; x_wconf 85' lang='lat' dir='ltr'>Oudeud.</span> 
     </span>
     <span class='ocr_line' id='line_1_34' title="bbox 382 4069 1420 4146; baseline -0.005 -18"><span class='ocrx_word' id='word_1_258' title='bbox 382 4075 459 4128; x_wconf 84' lang='lat' dir='ltr'>llom.</span> <span class='ocrx_word' id='word_1_259' title='bbox 476 4069 733 4139; x_wconf 73' lang='lat' dir='ltr'>lx,13,pag.671.</span> <span class='ocrx_word' id='word_1_260' title='bbox 749 4099 784 4110; x_wconf 91' lang='lat'><em>-</em></span> <span class='ocrx_word' id='word_1_261' title='bbox 800 4072 881 4122; x_wconf 80' lang='lat' dir='ltr'>Causa</span> <span class='ocrx_word' id='word_1_262' title='bbox 962 4071 987 4123; x_wconf 85' lang='lat'>3.</span> <span class='ocrx_word' id='word_1_263' title='bbox 1007 4071 1196 4146; x_wconf 80' lang='lat' dir='ltr'>Statutumque.</span> <span class='ocrx_word' id='word_1_264' title='bbox 1215 4077 1271 4128; x_wconf 87' lang='lat' dir='ltr'>Hoc</span> <span class='ocrx_word' id='word_1_265' title='bbox 1284 4078 1344 4146; x_wconf 86' lang='lat' dir='ltr'>jure</span> <span class='ocrx_word' id='word_1_266' title='bbox 1359 4089 1420 4144; x_wconf 77' lang='lat' dir='ltr'>prse-</span> 
     </span>
     <span class='ocr_line' id='line_1_35' title="bbox 381 4147 1420 4220; baseline -0.001 -16"><span class='ocrx_word' id='word_1_267' title='bbox 381 4153 509 4204; x_wconf 76' lang='lat' dir='ltr'>cademrrt.</span> <span class='ocrx_word' id='word_1_268' title='bbox 520 4149 642 4220; x_wconf 81' lang='lat' dir='ltr'>Numqui</span> <span class='ocrx_word' id='word_1_269' title='bbox 652 4147 830 4200; x_wconf 83' lang='lat' dir='ltr'>vadimonium</span> <span class='ocrx_word' id='word_1_270' title='bbox 840 4149 881 4199; x_wconf 84' lang='lat' dir='ltr'>de·</span> <span class='ocrx_word' id='word_1_271' title='bbox 927 4150 1014 4204; x_wconf 78' lang='lat' dir='ltr'>ferunt</span> <span class='ocrx_word' id='word_1_272' title='bbox 1028 4152 1152 4208; x_wconf 81' lang='lat' dir='ltr'>Oudend.</span> <span class='ocrx_word' id='word_1_273' title='bbox 1170 4169 1196 4206; x_wconf 85' lang='lat' dir='ltr'>et</span> <span class='ocrx_word' id='word_1_274' title='bbox 1211 4155 1334 4209; x_wconf 83' lang='lat' dir='ltr'>wolfius.</span> <span class='ocrx_word' id='word_1_275' title='bbox 1346 4151 1420 4220; x_wconf 75' lang='lat' dir='ltr'>Vulg-</span> 
     </span>
     <span class='ocr_line' id='line_1_36' title="bbox 382 4227 1080 4302; baseline -0.001 -20"><span class='ocrx_word' id='word_1_276' title='bbox 382 4233 507 4297; x_wconf 75' lang='lat' dir='ltr'>reruisset,</span> <span class='ocrx_word' id='word_1_277' title='bbox 521 4227 648 4301; x_wconf 81' lang='lat' dir='ltr'>perdebat</span> <span class='ocrx_word' id='word_1_278' title='bbox 661 4227 739 4280; x_wconf 85' lang='lat' dir='ltr'>litem.</span> <span class='ocrx_word' id='word_1_279' title='bbox 926 4239 1080 4302; x_wconf 81' lang='lat' dir='ltr'>statumque.</span> 
     </span>
    </p>
   </div>
   <div class='ocr_carea' id='block_1_4' title="bbox 0 0 1538 5148">
    <p class='ocr_par' dir='ltr' id='par_1_4' title="bbox 0 0 1538 5148">
     <span class='ocr_line' id='line_1_37' title="bbox 0 0 1538 5148; baseline 0 2"><span class='ocrx_word' id='word_1_280' title='bbox 0 0 1538 5148; x_wconf 95' lang='lat' dir='ltr'> </span> 
     </span>
    </p>
   </div>
  </div>
 </body>
</html>
