3068 5144
411 565 478 646 354
785 561 822 622 c.
848 543 1079 623 suarorii

409 697 500 764 mine
513 691 614 759 unius
629 713 647 754 e
662 685 796 777 regibus
809 688 878 753 suis
890 688 1160 778 turpissimarum
1172 685 1332 754 sordium.
1346 688 1440 756 Sedet

407 809 444 872 in
462 803 581 870 funere
599 803 707 864 Favor
722 795 940 891 archimimus
958 817 1137 889 personam
1153 793 1225 888 ejus
1241 798 1365 880 ferens,
1380 801 1439 868 imi·

407 934 566 1007 tansque,
576 924 615 976 ut
623 923 674 976 est
684 930 774 990 mos,
787 907 874 974 facta
885 929 926 973 ac
934 905 1022 974 dicta
1031 909 1113 988 vivi,
1124 909 1334 1000 interrogatis
1343 909 1439 1002 palam

408 1018 697 1120 procuratoribuS,
717 1020 858 1112 «quanti
876 1017 980 1085 funus
999 1034 1032 1085 ct
1049 1041 1174 1110 pompa
1191 1027 1396 1088 constaretia
1409 1039 1440 1089 ut
1522 1095 1523 1116 ἢ

408 1134 532 1216 audiit,
549 1131 723 1197 «sestertio
738 1130 903 1209 centies‚r
920 1126 1134 1210 exclamavit,
1152 1133 1317 1197 «Centum
1330 1131 1387 1200 sibi
1397 1153 1439 1198 se
1522 1127 1523 1164 ³

409 1247 543 1315 stertia⁷
558 1240 696 1320 darent,
713 1259 752 1305 ac
765 1262 801 1305 se
815 1236 868 1304 vel
883 1239 918 1304 in
931 1237 1080 1305 Tiberim
1094 1235 1331 1331 projicerent.»

455 1359 527 1423 XX.
552 1356 686 1421 Statura
696 1349 760 1416 fuit
770 1349 966 1444 quadrata¹,
979 1353 1159 1442 compactis
1171 1349 1342 1444 firmisque
1353 1373 1441 1418 mern

409 1462 604 1548 bris,vultu
612 1459 716 1529 veluti
726 1462 875 1528 nitentis.
887 1463 936 1527 De
948 1483 1017 1554 quo
1027 1460 1163 1555 quidam
1172 1461 1374 1530 urbanorum
1383 1485 1442 1530 non

407 1553 550 1645 infacete
564 1600 572 1639 ε
586 1570 753 1666 siquidem
767 1574 913 1663 petenti,
931 1588 993 1638 «ut
1002 1588 1036 1639 et
1046 1575 1082 1640 in
1094 1595 1130 1639 se
1143 1571 1270 1667 aliquid
1282 1572 1439 1640 diceret:-

299 1717 301 1726 ’
414 1690 598 1764 αὓίοειω,»
621 1683 748 1776 inquit,
770 1705 899 1775 «quum
915 1699 1067 1751 ventrem
1085 1707 1267 1752 exonerare
1282 1683 1439 1751 desieris·

412 1791 611 1862 valetudine
630 1793 857 1883 prosperrima
876 1815 958 1859 usus
978 1808 1046 1876 est,
1064 1797 1219 1887 quamvis
1238 1791 1443 1860 adtuendam

401 1917 487 1975 ”eam
496 1903 580 1972 nihil
589 1901 736 1995 amplius
747 1925 850 1996 prum
860 1902 972 1970 fauces
981 1919 1157 1998 ceteraque
1168 1903 1320 1971 membra
1328 1904 1446 1972 sibimet

409 2016 454 2084 ad
462 2038 644 2082 numerum
652 2011 920 2105 insphaeristerio
927 2011 1132 2097 defricaret²,
1139 2014 1444 2110 inediamqueunius

411 2127 477 2196 diei
489 2149 549 2220 per
561 2121 713 2217 singulos
726 2145 861 2191 menses
872 2125 1111 2218 interponeret.

457 2237 547 2304 XXI.
573 2233 736 2304 Ordinem
747 2236 824 2300 vitae
833 2233 903 2301 fere
912 2233 1005 2302 hunc
1014 2238 1131 2304 tenuit.
1143 2239 1183 2301 In
1195 2239 1378 2329 principatu
1387 2259 1447 2303 ma

411 2351 520 2415 turius
533 2369 682 2438 semper,
694 2369 734 2412 ac
746 2344 788 2411 de
799 2361 898 2413 nocte
907 2345 1102 2438 evigilabat¹
1118 2345 1215 2414 :dein
1227 2346 1376 2440 perlectis
1387 2349 1448 2440 epi·

339 2471 344 2490 '
412 2457 523 2536 stolis,
538 2455 796 2550 officiormnque
810 2459 983 2523 omnium²
1000 2457 1189 2541 breviariis,
1203 2459 1330 2526 amices
1344 2455 1449 2524 admit·

411 2672 494 2726 sordes
512 2671 618 2734 Nostri,
636 2667 665 2721 b.
688 2688 711 2720 c.
731 2670 854 2734 avaritia,
873 2689 916 2721 re·
959 2681 1034 2723 caret.
1046 2671 1159 2737 Celadi,
1173 2673 1219 2738 14:
1233 2673 1347 2742 rNeque
1356 2669 1449 2723 audien

412 2747 708 2823 spondentriruwbrp'e
717 2747 862 2800 Strabonis.
871 2751 917 2800 Vi·
959 2749 988 2803 di
1000 2762 1076 2817 sunt,
1092 2752 1137 2822 qni
1148 2767 1257 2802 numero
1270 2747 1379 2816 finiunt,
1393 2767 1448 2819 quo-

413 2830 447 2884 de
461 2828 497 2882 ad
509 2831 609 2881 Neron.
621 2845 680 2898 cap.
695 2827 739 2880 30.
960 2826 1107 2900 ticsaiiquis
1115 2827 1302 2901 perfricandus
1310 2827 1450 2881 sitidenirn

447 2935 472 2988 7.
490 2919 598 2971 Garun
606 2916 655 2970 sibi
663 2917 775 2970 sestertia
780 2937 789 2977 ;
799 2915 852 2968 boc
862 2930 916 2983 est,
961 2907 1098 2962 oscinibus
1105 2906 1220 2960 bominis
1228 2907 1402 2980 colligendum
1409 2919 1450 2962 est.

411 2995 453 3052 rei
473 2998 645 3050 centesimam
664 3013 772 3047 summae
790 2997 818 3046 in
837 2996 917 3047 funus
960 2991 998 3040 Ut
1013 2990 1035 3039 si
1053 2989 1111 3060 quis
1124 2989 1293 3059 perinfirmus
1310 3003 1362 3055 est,
1375 3001 1451 3060 potest

410 3081 537 3146 impensa
556 3088 666 3146 partem.
686 3075 747 3125 Miri
763 3074 872 3125 fuerunt
889 3076 918 3125 in
962 3069 1316 3140 satisesseqninqnagiesni
1324 3069 1452 3132 robustior,

409 3155 613 3230 interpretando
626 3155 651 3206 h.
663 3152 680 3205 Ι.
691 3155 858 3224 interpretes.
870 3153 919 3205 Ce-
961 3159 1051 3218 potest
1069 3145 1206 3198 ducenties
1224 3165 1282 3200 esse
1299 3145 1451 3206 faciendum

411 3252 513 3301 terum,
528 3254 611 3308 quum
623 3235 717 3287 centies
729 3234 783 3286 HS.
795 3235 823 3284 in
838 3233 918 3284 funus
962 3229 1032 3278 inter
1046 3237 1188 3297 utrumque
1202 3224 1315 3293 deinde,
1331 3239 1408 3299 prout
1418 3227 1452 3277 ri·

368 3355 370 3362 ·
412 3317 596 3391 impenderent
605 3314 732 3377 Romani,
742 3315 828 3366 minus
840 3312 919 3364 dubi·
962 3323 1005 3358 res
1023 3319 1093 3359 sunt.
1104 3331 1115 3353 ι
1127 3306 1374 3379 -Spboeristerr'um
1389 3306 1453 3359 iocus

412 3391 642 3462 tandumcap.16
658 3391 692 3442 de
708 3391 919 3465 quadrinqenties
963 3399 1019 3438 erat
1031 3386 1145 3450 balinei,
1160 3386 1208 3438 ubi
1223 3389 1303 3439 variis
1320 3389 1454 3450 exercitiis,

412 3475 522 3540 millies,
532 3471 578 3524 ubi
588 3489 675 3522 sermo
686 3468 719 3520 dc
728 3471 810 3522 totius
818 3471 919 3541 Reipu-
962 3463 1021 3536 pilae
1039 3467 1151 3518 maxims
1168 3465 1242 3532 lusu,
1262 3467 1334 3519 unde
1351 3483 1454 3526 nonen,

412 3556 488 3608 blicae
501 3553 666 3606 necessitate.
962 3561 1059 3615 corpus
1083 3549 1144 3616 pbst
1170 3543 1296 3596 balneum
1321 3544 1454 3617 agitabant.

449 3635 508 3687 XX.
535 3649 556 3684 r.
580 3632 685 3682 Statura
700 3628 759 3699 fuit
779 3627 917 3698 quadrata.
963 3621 1311 3694 et.rtin.Epist.11‚r7‚
1332 3623 1455 3689 rn,etV‚

412 3713 482 3769 Geis.
494 3714 532 3779 11,
547 3728 575 3772 r,
591 3709 715 3778 scorpiis
727 3706 918 3760 habilissimum
963 3700 994 3764 6,
1009 3717 1056 3770 ²7,
1074 3700 1256 3773 uApodyterio
1271 3704 1456 3774 superpositum

413 3793 573 3869 quadratum
584 3801 640 3854 est,
652 3805 738 3859 neque
747 3785 860 3858 graciis,
872 3805 920 3839 ne·
964 3793 1004 3832 est
1018 3780 1235 3852 sphaeristerium,
1250 3782 1323 3854 quod
1337 3783 1410 3854 plura
1419 3797 1457 3851 ge·

414 3893 466 3946 que
477 3873 602 3934 obesum,
613 3880 664 3918 etc.
674 3889 687 3914 ι
701 3864 766 3917 lude
776 3863 919 3934 rupiyesre
964 3877 1028 3913 nera
1040 3863 1251 3929 exercitationis,
1262 3860 1405 3933 pluresque
1415 3861 1456 3913 cin

413 3953 511 4008 Graeeis
527 3952 606 4002 etiarn
625 3945 722 3998 dicitur
738 3944 919 4016 metaphorice
964 3941 1040 3993 culos
1054 3942 1159 4012 capit.-

413 4035 461 4097 vir‚
476 4034 504 4084 in
519 4047 573 4101 quo
588 4027 677 4078 omnia
692 4023 840 4096 quadrant,
855 4025 881 4076 h.
895 4043 919 4077 c.
999 4022 1068 4072 XXI.
1088 4039 1108 4072 r.
1125 4021 1281 4093 Eviqilabrt.
1294 4023 1365 4075 Libri
1376 4017 1457 4096 aiyilr·

413 4113 440 4162 in
450 4128 503 4183 quo
512 4124 636 4160 sensuum
645 4103 845 4173 affectuumque
853 4121 921 4156 surn-
966 4101 1022 4166 bct,
1039 4099 1153 4151 sednon
1169 4100 1295 4152 audiendi
1309 4115 1398 4154 contra
1413 4098 1458 4149 ioci

413 4211 457 4244 ma
472 4203 512 4243 est
523 4185 687 4260 aequabilitas
698 4197 724 4236 et
739 4185 898 4236 constantia.
966 4182 1127 4234 sententiam.
1140 4179 1208 4232 Vide
1220 4179 1255 4232 ad
1268 4184 1378 4252 Angnst.
1392 4180 1431 4249 78.

452 4287 476 4320 a.
491 4268 598 4320 Sibimet
609 4264 644 4317 ad
655 4279 822 4316 numerum...
839 4262 920 4334 defri-
1002 4279 1027 4313 2.
1046 4257 1251 4336 officiorumque
1260 4263 1392 4324 omnuim,-
1405 4261 1427 4312 b.
1438 4277 1457 4309 e.
