3068 5144
391 515 455 586 308
760 511 797 576 C.
822 509 1055 579 SUETONll

310 656 315 674 ¹
372 637 625 738 ”eumlntusque
641 661 703 733 per
720 635 956 707 oeleberrimos
974 642 1082 722 vicos,
1096 641 1250 707 strictum
1265 641 1341 710 Divi
1353 641 1436 710 Julii

389 759 537 855 gladium
552 771 686 834 tenens,
701 747 888 817 detractum
904 746 1046 816 delubro
1059 751 1194 832 Mortis,
1206 765 1307 845 etque
1320 754 1357 820 in
1370 753 1439 844 pri-

390 895 445 940 mo
464 864 686 964 gratulatione
704 874 898 952 porrectum
916 855 980 925 sibi
999 883 1018 925 a
1037 857 1205 953 quodem:
1222 883 1285 927 neo
1301 878 1382 928 ante
1401 864 1434 928 in

388 979 586 1049 Pnetorium
609 969 720 1050 rediit,
742 994 844 1064 quam
863 967 1026 1061 flagrante
1046 969 1189 1037 triclinio
1207 993 1248 1038 ex
1267 989 1436 1064 ooneeptu

388 1091 530 1161 centini:
545 1108 651 1182 quum
663 1082 800 1178 quidem
809 1082 840 1164 θ,
852 1084 1088 1164 consternatis,
1103 1097 1135 1149 et
1147 1083 1244 1177 quasi
1255 1086 1370 1150 omine
1381 1083 1439 1150 od·

388 1223 485 1270 verso
495 1197 601 1265 anxiis
611 1191 786 1274 omnibus,
799 1195 930 1272 «Βοηο,
940 1222 954 1252 n
966 1191 1087 1285 iuquit,
1100 1193 1235 1259 «animo
1247 1209 1370 1276 estote3
1382 1215 1437 1260 no

387 1313 440 1380 bis
455 1307 614 1389 alluxit3»
633 1301 728 1370 nullo
742 1324 898 1369 sermone
912 1300 978 1368 alio
993 1300 1084 1395 apud
1101 1300 1222 1371 milites
1237 1327 1332 1372 usus.
1348 1307 1438 1372 Con-

388 1424 553 1492 sentiente
573 1411 695 1482 deinde
716 1415 816 1480 etiam
840 1413 1022 1505 superioris
1041 1415 1224 1505 provinciae
1245 1417 1434 1497 texeroitu,

388 1535 447 1628 qui
463 1532 556 1626 prius
570 1551 591 1594 a
604 1523 710 1592 Gelbu
725 1523 768 1591 ad
782 1528 944 1594 Senatum
959 1523 1138 1606 deiecerat,
1155 1546 1345 1616 cognomen
1359 1525 1435 1590 Gen

388 1647 522 1724 manici,
537 1639 688 1709 delatum
706 1636 749 1704 ab
767 1627 948 1720 universis,
969 1636 1090 1728 cupide
1108 1636 1279 1729 recepit⁸:
1295 1640 1438 1729 Anquso‘

387 1756 539 1827 distulit:
555 1755 683 1821 cesaris
696 1755 732 1818 in
746 1767 948 1844 perpetuum
964 1754 1140 1820 recusavit.

435 1873 491 1937 IX.
513 1873 559 1934 Ac
579 1861 722 1932 subinde
741 1861 832 1930 crede
850 1861 965 1930 Golbae
984 1867 1224 1946 annunciatum
1240 1867 1437 1958 compositis

388 1978 596 2047 Germanicis
619 1973 740 2055 rebus,
760 1975 903 2065 pertitus
924 1988 975 2040 est
992 1976 1142 2066 copios²‚
1167 1998 1253 2069 quos
1272 1977 1436 2045 adversus

386 2217 537 2272 nominibus
545 2215 694 2281 relictis‚lll
702 2215 889 2265 Nonlnnunr,
932 2211 1016 2266 Tacit.
1035 2213 1101 2266 llist.
1120 2213 1145 2280 1,
1163 2195 1212 2282 114,
1229 2213 1386 2268 «Nuntium
1402 2212 1437 2268 de

387 2297 495 2351 Vitellio
510 2297 648 2348 necessit·
664 2295 704 2346 cf.
719 2292 795 2345 Galb.
813 2293 851 2346 16.
933 2291 1005 2345 erede
1013 2293 1102 2346 Galboe
1109 2307 1135 2345 et
1143 2294 1377 2364 imperioOtbonis
1386 2298 1437 2348 1²·-

423 2379 450 2432 6.
471 2378 558 2447 Quum
574 2375 691 2446 quidem,
703 2386 753 2424 ete.
770 2372 840 2426 Melo
853 2373 886 2424 el.
933 2372 993 2426 bius
1008 2373 1103 2428 Valens
1119 2376 1146 2427 in
1162 2378 1266 2428 civitate
1285 2379 1435 2430 Leucorum

388 2451 888 2526 noromperiodumincipiuntitn:Tum
934 2456 1044 2526 accepit.
1069 2455 1124 2506 Nec
1147 2453 1258 2507 rnilitum
1282 2459 1386 2510 animus
1409 2457 1437 2510 iu

388 2537 505 2610 quidem,
522 2546 572 2584 etc.
933 2533 1061 2604 gaudium
1078 2549 1123 2585 out
1141 2535 1308 2589 formidinem
1328 2557 1437 2609 permo-

426 2635 450 2686 7.
464 2612 606 2685 Superioris
618 2611 758 2681 provincie
770 2613 888 2662 eremita.
934 2612 1269 2675 tus3bellomvolrebat.·
1309 2667 1313 2674 ,
1361 2643 1363 2647 -

393 2695 458 2747 Vide
466 2693 544 2747 Galb.
557 2692 600 2754 16;
610 2689 742 2742 Plutarch.
751 2689 827 2741 Galb.
841 2709 888 2753 m
971 2709 995 2745 2.
1007 2695 1124 2746 Partilut
1133 2707 1170 2747 est
1178 2694 1279 2768 coplas,
1291 2708 1341 2748 ete.
1351 2695 1439 2747 Tacit.

389 2776 472 2827 Tacit.
486 2776 513 2839 1,
528 2770 571 2825 55.
934 2773 1031 2825 Histoe.
1049 2775 1076 2840 1,
1091 2773 1140 2825 61:
1163 2773 1319 2844 «Adjuucto
1333 2777 1438 2828 Briton-

427 2855 451 2905 8.
468 2855 617 2925 Coqnomen
632 2845 833 2901 Germanici...
848 2865 890 2898 tu·
935 2852 996 2905 nico
1011 2856 1142 2919 exercitu,
1157 2856 1250 2926 ingens
1262 2856 1363 2909 viribus
1377 2860 1437 2930 opi—

389 2937 452 3008 pide
467 2933 577 3003 recepit,
590 2940 640 2981 otc.
653 2927 736 2978 Tacit.
753 2927 851 2978 Hister.
864 2928 891 2992 1,
935 2931 1039 3003 busque
1050 2933 1185 2999 Vitellius,
1197 2935 1264 2986 duos
1276 2935 1373 2996 duces,
1383 2937 1438 2988 duo

391 3019 424 3072 62
436 3057 445 3084 ‚
467 3039 478 3062 ι
489 3017 594 3066 Nomen
617 3009 767 3061 Germanici
785 3006 892 3060 Vitellio
936 3012 1030 3064 itinere
1040 3011 1112 3064 bello
1123 3013 1272 3066 destinavit.
1281 3018 1302 3066 F
1303 3015 1380 3068 obius
1389 3020 1440 3068 Va·

392 3099 479 3152 stetim
490 3093 624 3152 additum
633 3092 755 3142 omrem
766 3105 794 3140 se
804 3088 893 3160 eppel·
936 3089 994 3144 lens
1012 3091 1135 3156 allicere,
1153 3093 1213 3158 vel,
1232 3097 1253 3148 si
1271 3095 1439 3164 abnuerent,

391 3178 525 3230 larietinm
534 3175 620 3224 vietor
629 3168 774 3241 prohibuit.
784 3192 795 3215 ιι
806 3169 891 3234 idern,
936 3183 1039 3222 vastare
1053 3171 1163 3236 Gellius,
1179 3183 1206 3224 et
1220 3175 1349 3228 [httianis
1365 3177 1443 3248 Alpi-

391 3261 429 3325 11,
447 3257 497 3322 62,
515 3253 662 3304 «Premislt
679 3251 705 3300 ln
722 3248 820 3301 Urbem
836 3246 892 3300 edi·
936 3249 1441 3330 bueltnlinmirrumpem;Coet·inopro-

390 3351 481 3402 etum,
493 3353 548 3404 quo
557 3329 717 3382 vocabulum
729 3330 837 3404 Augusti
845 3327 893 3379 dii-
916 3363 921 3375 ·
937 3329 1012 3399 piore
1032 3333 1161 3395 transitu,
1182 3333 1285 3386 Peninis
1301 3338 1372 3406 jugis
1392 3337 1441 3390 de-

392 3411 893 3480 ferret,Caemrisnonreeiperet‚quum
937 3406 1442 3478 gredijussus.Valentiinleriorisexer·

392 3494 427 3546 tle
437 3503 566 3566 potestate
576 3487 641 3539 nihil
649 3487 830 3538 detraheret·
845 3488 895 3538 An-
937 3487 1006 3536 cites
1023 3484 1132 3553 delecti,
1151 3505 1211 3538 cum
1232 3491 1321 3560 aquila
1341 3495 1440 3562 quinne

393 3585 466 3625 ctore
486 3585 574 3621 temen
593 3567 706 3631 eodem,
726 3568 779 3630 Ill,
799 3567 848 3632 58,
866 3568 893 3618 in
937 3564 1048 3635 legionis
1063 3579 1089 3616 et
1103 3566 1256 3620 cohortibus
1271 3568 1390 3643 elinque,
1406 3572 1441 3624 ed

393 3671 494 3708 sumine
510 3649 692 3719 desperatione
710 3659 756 3698 aet
771 3649 893 3700 Coesnrem
937 3643 983 3694 XL
1000 3643 1084 3696 millia
1103 3659 1263 3698 onustorum
1277 3647 1349 3700 dato.
1367 3651 1442 3702 XXX

393 3754 418 3787 se
429 3732 482 3784 dici
496 3727 594 3790 voluit,
611 3724 786 3795 adspernatus
800 3739 894 3788 autern
938 3722 1019 3774 millia
1031 3724 1132 3776 Gaeeina
1147 3745 1162 3777 e
1175 3728 1313 3796 superiore
1326 3729 1440 3781 Genne-

394 3809 440 3864 sed
448 3805 722 3876 tune,superstitione
730 3807 858 3872 nominis,
868 3819 894 3858 et
938 3804 982 3855 nia
997 3801 1125 3872 ducebat,
1143 3825 1258 3877 quorum
1275 3809 1358 3861 robur
1370 3809 1441 3882 legio

395 3894 455 3964 neria
470 3892 497 3940 in
512 3899 583 3938 metu
599 3883 710 3935 consilis
723 3883 893 3954 prudentium
937 3901 1008 3948 una,
1021 3885 1105 3954 prima
1118 3900 1143 3937 et
1155 3887 1294 3950 vicesimo,
1310 3890 1368 3941 fuit.
1382 3889 1441 3942 Ad-

396 3968 506 4037 etvulgi
521 3983 612 4017 rumor
625 3966 699 4032 juxta
716 3962 890 4013 audiuntur·
937 3963 991 4015 dito
1003 3967 1109 4036 utrique
1121 3968 1315 4019 Ger-urenorum
1329 3971 1439 4036 auxilia,

393 4050 433 4102 cl.
444 4043 577 4098 Plutarch.
588 4041 664 4096 Gelb.
674 4059 724 4107 nn,
733 4055 759 4092 et
768 4040 828 4093 vide
838 4043 894 4093 Rei-
937 4061 951 4092 e
964 4041 1060 4112 quibos
1071 4045 1190 4097 Vitellios
1203 4063 1264 4098 sues
1277 4067 1385 4120 quoqne
1396 4069 1440 4100 eo-

394 4150 459 4182 mer.
473 4126 506 4180 ed
518 4123 617 4196 Xipbil.
629 4123 707 4186 bxv,
719 4139 741 4173 ι.
935 4123 993 4192 plat
1007 4123 1152 4194 supplevit,
1169 4138 1224 4178 tote
1240 4127 1311 4179 mole
1323 4127 1385 4182 belli
1396 4147 1440 4182 ⁸0.

428 4208 472 4261 tx.
490 4223 513 4258 t.
533 4203 605 4258 Cede
618 4201 708 4254 Galba
723 4199 892 4252 annrmcim.
936 4215 1076 4254 curum.
