3066 5148
380 540 424 624 rs
756 540 791 602 c.
816 537 1049 604 sunronn

380 667 423 736 de
438 689 506 762 quo
517 661 634 748 retuli,
652 679 686 732 et
697 665 897 732 arcessitum
910 687 1063 755 arogno,
1082 679 1115 732 et
1130 680 1329 758 exceptum
1344 662 1450 734 bono·

380 778 489 860 rifice,
506 799 577 843 non
592 773 658 842 alia
674 775 717 843 de
731 799 833 842 causa
844 791 983 867 repente
999 774 1183 867 perculit³,
1204 801 1320 872 quam
1340 775 1450 872 quod,

380 890 501 959 edente
513 912 550 957 se
563 911 687 955 munus
699 937 707 968 ,
719 889 911 977 ingressum
925 887 1136 979 spectacula,
1151 891 1378 957 convertisse
1392 887 1450 955 bo-

381 1001 511 1067 minum
532 996 648 1065 oculos
668 996 800 1088 fulgore
819 1021 1002 1090 purpureae
1022 997 1165 1067 abollaet
1185 999 1449 1068 animadvertit.

382 1108 544 1178 Pulchros
563 1123 598 1175 et
610 1123 779 1190 comatos,
799 1111 929 1202 quoties
946 1107 1009 1176 sibi
1025 1127 1272 1193 occurrerent,
1293 1113 1450 1204 occipitio

382 1243 459 1288 raso
473 1218 685 1311 deturpabat.
707 1223 787 1285 Erat
805 1222 902 1286 Esius
922 1217 1084 1287 Proculus
1102 1237 1202 1313 patre
1221 1219 1449 1314 primipilari,

383 1331 427 1399 ob
437 1332 605 1423 egregiam
616 1331 766 1421 corporis
775 1329 1033 1422 amplitudinem
1045 1346 1079 1398 ct
1088 1333 1451 1424 specient⁵Colosseros

383 1442 504 1510 dictus.
520 1447 619 1509 Hunc
632 1465 650 1508 e
662 1440 861 1533 spectaculis
875 1439 1083 1509 detractum⁶
1096 1459 1265 1536 repente,
1283 1460 1320 1511 et
1335 1446 1370 1510 in
1384 1466 1450 1510 are

384 1577 464 1621 nam
475 1548 657 1618 deductum
668 1603 676 1632 ,
689 1551 827 1635 Threci,
840 1566 874 1618 et
883 1576 961 1620 mox
974 1551 1202 1646 hoplomacho
1215 1557 1448 1648 comparavit:

384 1663 503 1759 bisque
523 1665 684 1752 victorem
705 1665 888 1755 constringi
912 1665 983 1731 sine
1004 1687 1099 1733 mora
1115 1661 1245 1758 jussit,
1270 1682 1306 1734 et
1328 1669 1448 1759 pannis

383 1777 530 1845 obsitum
548 1778 681 1843 vicatim
695 1774 917 1858 circumduci,
937 1801 976 1843 ac
992 1776 1192 1846 mulieribus
1214 1779 1378 1861 ostendi,
1396 1776 1449 1845 de·

384 1886 463 1955 inde
477 1883 637 1980 jugulari.
658 1883 778 1952 Nullus
798 1882 945 1981 denique
961 1901 1032 1953 tam
1053 1884 1194 1982 abjectae
1218 1887 1447 1970 conditionis,

383 2013 521 2092 tamque
534 2009 692 2062 extremae
704 1997 802 2062 sortis
817 1995 896 2078 fuit,
913 1992 1009 2088 cujus
1028 2020 1098 2064 non
1119 1998 1317 2067 commodis
1338 1998 1448 2065 obtre-

384 2123 500 2177 ctaret.
511 2109 710 2200 Nemorensi
718 2109 823 2200 regi⁷,
836 2107 927 2202 quod
937 2107 1061 2175 multos
1070 2105 1141 2200 jam
1151 2133 1265 2178 annos
1279 2113 1447 2204 potiretur

386 2216 590 2299 sacerdotio,
614 2216 811 2285 validiorem
834 2215 1065 2286 adversarium
1088 2219 1306 2288 subornavit.
1335 2226 1446 2307 Quum

388 2330 537 2427 quodam
554 2328 609 2397 die
630 2330 799 2413 muneris,
821 2329 1009 2399 essedario8
1033 2334 1150 2415 Porio,
1171 2333 1218 2400 ob
1242 2356 1445 2426 prosperam

387 2463 537 2533 pugnam
549 2462 686 2505 servum
696 2463 797 2505 suurn
806 2442 1071 2524 manumittenti,
1085 2441 1274 2510 studiosius
1286 2442 1445 2536 plausum

389 2567 495 2634 esset,
517 2553 564 2618 ita
584 2573 620 2618 se
635 2551 803 2643 proripuit
820 2576 838 2617 e
858 2551 1075 2645 spectaculis,
1095 2569 1152 2637 ut,
1172 2553 1309 2622 calcata
1327 2552 1444 2621 lacinia

424 2791 449 2843 3.
470 2789 593 2842 Perculit.
608 2790 647 2841 lta
661 2790 889 2844 exemendatione
971 2810 995 2863 7.
1020 2793 1174 2846 Nemorensi
1194 2794 1261 2866 reqi.
1283 2795 1326 2846 De
1347 2789 1443 2863 templo

387 2871 468 2942 lipsii
479 2883 504 2921 et
514 2870 657 2935 Perizonii,
669 2888 726 2941 quae
737 2889 815 2922 omae
825 2889 891 2942 pun·
933 2871 1027 2924 Dicnoe
1041 2873 1155 2926 Aricino·
1169 2885 1195 2924 et
1209 2874 1332 2925 Nemore
1345 2872 1443 2924 dictum

386 2947 545 3024 ctumytnlit‚
556 2945 686 2999 edidimus
698 2966 758 2999 cum
769 2948 890 3000 Ernestio
935 2946 970 2999 ad
981 2949 1045 3001 Ges.
1059 2948 1101 3015 46.
1117 2952 1157 3001 De
1169 2969 1230 3024 repe
1241 2952 1415 3016 Nemorensi,
1426 2950 1442 2999 i.

387 3046 436 3098 pro
443 3028 574 3099 percussit.
586 3027 626 3078 De
635 3026 778 3080 Ptolemoeo
787 3026 846 3080 ride
856 3025 891 3080 ad
935 3047 958 3079 e.
978 3028 1134 3096 sacerdote,
1152 3030 1269 3097 Strabo,
1290 3035 1327 3097 V,
1347 3032 1383 3098 3,
1404 3045 1440 3081 ta·

387 3127 446 3181 cap.
461 3107 503 3160 26.
935 3106 1056 3174 Scilicet,
1077 3107 1129 3160 hoc
1152 3107 1233 3162 adse
1254 3111 1362 3180 fugitivi
1379 3108 1442 3161 servi

422 3188 448 3254 4.
467 3188 610 3258 Purpureos
626 3186 728 3240 cbolloe.
747 3185 825 3239 Pallii
837 3185 890 3239 hoc
935 3186 1113 3239 sacerdotium
1128 3188 1290 3258 rapiebant,
1308 3201 1339 3240 ut
1353 3188 1375 3240 si
1388 3186 1442 3256 gla-

386 3270 438 3320 fuis
455 3258 557 3340 genus,
574 3266 645 3319 unde
662 3266 828 3339 philosophis
842 3284 891 3319 sce·
935 3265 981 3317 dio
993 3268 1141 3318 vinceretur
1155 3269 1201 3337 qui
1217 3267 1311 3320 locum
1324 3276 1442 3328 teneret,

388 3351 448 3420 pius
462 3346 596 3399 tribuitur.
611 3345 679 3398 Vide
694 3349 796 3398 Ferrar.
809 3344 842 3397 de
855 3350 891 3399 Re
934 3347 1020 3398 victor
1041 3347 1130 3398 statim
1153 3365 1265 3419 repnum
1288 3354 1440 3419 occuparet

386 3428 499 3480 vestiar.
514 3427 553 3491 ll,
568 3442 615 3491 η,
631 3437 656 3476 et
669 3429 780 3495 interpr.
796 3423 831 3477 ad
843 3423 903 3478 tud
935 3424 1013 3478 Orid.
1027 3427 1097 3478 Fast.
1108 3427 1156 3480 ΙΙΙ,
1170 3443 1237 3496 271,

387 3505 473 3559 renal.
489 3507 542 3559 Sat.
557 3506 608 3569 Ill,
626 3503 690 3568 115,
706 3516 733 3556 et
746 3507 794 3571 lv,
809 3505 852 3574 76.
933 3513 1080 3569 department
1087 3513 1190 3570 tenerque
1199 3527 1265 3556 manu
1275 3511 1402 3570 pedibusque
1409 3508 1440 3549 h·

424 3587 449 3639 5.
466 3581 621 3646 Colosserosr
636 3583 771 3636 acolossus
783 3596 809 3636 et
820 3582 889 3652 ἔραςς
956 3587 1057 3678 Etflvef·
1306 3637 1311 3650 .

974 3645 982 3678 t
991 3646 1044 3693 perit
1053 3637 1145 3694 exemplo
1154 3636 1265 3694 postmodo
1275 3647 1363 3694 quisque
1371 3645 1413 3676 suo.

387 3662 455 3716 illud
472 3679 570 3714 ¹¹⁰¹¹²⁸⁰
585 3660 620 3713 Ob
635 3661 748 3733 ⁶⁰'P0'l‘
763 3651 890 3732 mma·
935 3714 1120 3768 Adversarinm
1134 3717 1214 3788 igitur
1229 3717 1328 3768 fortem
1344 3729 1437 3764 manu·

388 3743 494 3808 dinem,
512 3739 565 3792 boc
579 3739 613 3791 ob
628 3741 737 3811 speciem
752 3741 775 3790 ei
788 3738 889 3791 datum.
1217 3797 1222 3808 Ι
1246 3799 1252 3810 .
1401 3792 1406 3802 Ι

424 3821 449 3873 6.
468 3822 494 3872 Ε
511 3819 663 3891 spectaculis
678 3819 830 3871 detractum.
849 3819 890 3872 Cf.
937 3796 1340 3868 quepromtum,vahd10rem‚
1361 3793 1436 3845 (311119

388 3901 487 3953 nomn·
505 3914 544 3951 ,Q
556 3929 593 3940 ,,
604 3901 644 3951 Ι)θ
659 3896 797 3950 Threcum
809 3911 834 3950 e,
847 3898 891 3951 po,
935 3877 1081 3942 summisit,
1096 3877 1142 3947 qui
1155 3894 1240 3949 repem
1255 3872 1437 3936 occideret,et

385 3977 548 4052 plomachis,
564 3977 662 4030 diversi
675 3979 780 4048 generis
792 3976 890 4050 gladie·
935 3953 1083 4008 ⁸³⁰⁰¹d⁰¹l⁰
1096 3957 1237 4027 l¹⁰¹lfet¹¹l⁸

387 4056 503 4123 toribus,
523 4055 582 4108 ride
600 4056 671 4127 Lips.
691 4055 796 4108 Satura.
815 4059 855 4124 ll,
872 4073 890 4125 9
971 4060 996 4111 8.
1017 4059 1158 4112 Essedario.
1173 4061 1214 4111 De
1224 4056 1368 4120 essedariis,
1381 4053 1399 4104 i.
1413 4068 1434 4101 e.

387 4151 414 4190 ct
429 4155 469 4189 tt.
479 4163 516 4176 ·-
529 4137 697 4208 Comparare,
710 4137 889 4202 committere,
934 4137 1144 4210 gladiatoribus,
1164 4141 1209 4210 qui
1224 4158 1257 4190 ex
1273 4135 1372 4190 essedis
1386 4149 1436 4202 pu·

386 4233 559 4288 componere·
934 4215 1067 4286 fluebant,
1078 4216 1139 4268 ride
1148 4219 1221 4289 Lips.
1231 4217 1335 4271 Satura.
1346 4212 1383 4276 ll,
1396 4225 1434 4260 ra.
