3066 5148
370 509 412 574 ss
739 512 774 573 c.
801 509 1032 594 suurouu

417 641 519 704 LVII.
539 643 672 720 Futurae
683 635 784 702 caedis
795 635 902 702 multa
915 635 1067 728 prodigia
1077 617 1286 704 exstiterunt.
1299 636 1408 730 Olym-

370 751 434 840 piae
443 747 772 828 simulacrumlovis,
782 743 873 840 quod
880 744 1017 814 dissolvi
1025 747 1263 841 transferrique
1270 753 1408 815 Romam

371 860 575 952 placueratt,
591 858 940 926 tantumcachinnum
954 875 1091 951 repente
1103 857 1219 943 edidit,
1237 876 1276 927 ut
1286 859 1408 927 machi·

370 974 421 1038 nis
447 970 617 1037 labefactis
643 969 778 1062 opifices
802 968 1010 1060 diffugerint.
1032 972 1301 1064 superuenitque
1322 970 1410 1038 illioo

369 1081 506 1176 quidam
516 1084 650 1148 Cassius
662 1103 798 1175 quoque
812 1082 963 1160 nomine,
977 1077 1112 1172 jussum
1127 1105 1163 1148 se
1179 1084 1310 1148 somnio
1326 1081 1410 1149 affir-

369 1215 483 1275 mans,
499 1189 672 1258 immolare
685 1206 820 1256 taurum
831 1191 915 1255 Jovi.
932 1188 1132 1281 Capitolium
1142 1190 1410 1284 Capuae²1dibus

368 1303 501 1369 Martiis¹
516 1300 559 1367 de
580 1299 662 1366 caelo
686 1316 812 1366 tactum
834 1315 904 1365 est:
929 1301 1010 1366 item
1030 1304 1145 1367 Romae
1165 1300 1250 1367 cella
1271 1301 1411 1368 Palatini

367 1407 629 1478 atriensis³.Nec
638 1408 833 1488 defuerunt,
843 1409 902 1501 qui
912 1406 1154 1500 conjectarent,
1164 1409 1271 1477 altero
1280 1427 1412 1478 ostento

367 1520 555 1611 periculum
566 1543 587 1584 a
597 1517 791 1585 custodibus
803 1515 940 1584 domiuo
957 1515 1128 1610 portendi3
1144 1517 1266 1601 altero,
1283 1520 1411 1588 coedem

368 1654 485 1696 rursus
500 1632 681 1719 insignem,
700 1627 808 1721 qualis
827 1627 946 1696 eodem
964 1627 1035 1695 diet
1051 1629 1137 1695 facta
1152 1630 1324 1723 quondam
1335 1631 1414 1698 fuis-

368 1759 429 1810 set.
443 1742 637 1809 Consulenti
650 1765 785 1836 quoque
797 1741 839 1807 de
852 1745 1005 1834 genitura
1017 1767 1094 1824 sua,
1108 1742 1198 1811 Sulla
1208 1744 1415 1812 mathemati-

368 1881 444 1938 cus,
471 1858 715 1924 «certissimam
737 1877 854 1922 necem
876 1858 1191 1949 appropinquare,n
1221 1856 1412 1924 affirmavit.

369 1973 619 2034 Monueruntet
628 1961 784 2034 Fortunae
792 1967 1002 2050 Antiatiuae⁵,
1018 1971 1228 2035 uutaCessio
1238 1986 1385 2036 caveret.
1397 2001 1410 2028 u

369 2081 443 2161 Qua
458 2101 559 2144 causa
573 2075 629 2143 ille
645 2079 796 2142 Cassium
813 2056 1021 2166 Longinum,
1037 2079 1123 2144 Asiae
1142 2092 1214 2144 tum
1229 2083 1417 2146 Prooonsu-

370 2188 455 2268 lem,
472 2185 692 2254 occidendum
705 2185 930 2277 delegaverat,
946 2188 1135 2269 immemor,
1150 2186 1325 2256 Cli-oeream
1338 2193 1418 2256 Cas·

371 2299 459 2363 sium
477 2298 651 2362 nominari.
672 2294 796 2377 Pridie,
811 2317 914 2389 quam
932 2298 1071 2386 periret,
1092 2299 1285 2380 somniavit,
1305 2303 1418 2366 consi-

372 2421 459 2472 stere
470 2427 511 2498 se
528 2407 562 2470 in
579 2403 660 2470 caelo
673 2402 769 2495 juxta
786 2403 907 2472 solium
922 2409 1031 2488 Jovis,
1050 2405 1303 2502 imptilsumque
1317 2409 1362 2476 ab
1377 2433 1419 2476 eo

408 2623 484 2673 LVll.
498 2639 519 2671 ι.
530 2619 873 2693 SimulacrumJovis,qnod
919 2622 966 2692 22)
984 2619 1111 2688 Palatium
1131 2620 1365 2694 Capitoliumque,
1385 2625 1421 2674 ite

374 2701 559 2774 ...placuerat
573 2697 637 2750 Vide
650 2717 746 2768 supra,
760 2717 818 2768 cap.
830 2717 871 2749 22.
918 2714 946 2750 ut
960 2698 1091 2770 Apollinis
1103 2701 1227 2772 templum
1241 2699 1352 2754 Palatini
1361 2705 1423 2756 Jovi

373 2812 408 2822 -
421 2782 537 2836 Tantum
551 2780 754 2830 cachinnum...
767 2817 772 2827 .
785 2779 872 2828 edidit.
918 2779 1068 2848 Capitolino
1082 2799 1131 2850 pro
1144 2781 1212 2830 atrio
1225 2794 1310 2844 estet,
1325 2793 1353 2831 et
1365 2784 1424 2852 ipse

375 2866 440 2927 Dio,
453 2863 526 2927 LIX,
541 2862 582 2912 28.
596 2860 697 2910 Tantus
711 2873 797 2909 autern
811 2861 875 2908 fere·
919 2859 990 2907 Deus
1003 2857 1037 2908 nd
1053 2859 1178 2924 custodes,
1192 2857 1226 2909 de
1244 2857 1342 2929 quibus
1358 2879 1424 2929 pro-

375 2945 454 2995 batur
466 2959 522 2993 esse
532 2941 603 2990 loris
615 2937 774 3002 cachinnus,
784 2951 813 2987 ut
823 2955 875 2988 ma·
920 2937 988 2986 xime
1006 2937 1107 3001 sermo',
1120 2949 1211 3007 posset
1227 2937 1328 2988 referri.
1349 2937 1425 2989 Nihil

377 3023 469 3074 chinus
482 3024 498 3072 i.
510 3039 534 3070 e.
547 3032 646 3081 vectes,
659 3016 756 3087 quibus
771 3017 802 3067 ad
819 3035 876 3066 mo·
921 3028 1009 3065 tamen
1031 3015 1128 3066 dolinio
1148 3019 1175 3066 in
1197 3035 1243 3080 re,
1266 3015 1300 3068 de
1320 3031 1375 3087 qua
1397 3020 1425 3067 in

376 3101 490 3154 sendum
498 3103 590 3168 ingens
598 3097 766 3147 simulacrum
775 3097 877 3146 usifue·
922 3105 1171 3163 utramquepartem
1184 3107 1272 3162 potest
1284 3093 1427 3166 disputari.

377 3193 436 3230 raut
449 3177 572 3249 opifices,
588 3173 766 3224 labefactaret.
784 3177 878 3224 Postea
958 3172 982 3236 4.
998 3172 1088 3242 Qualis
1099 3171 1254 3237 eodemtiie,
1268 3185 1320 3224 etc.
1332 3173 1427 3226 ldibus

378 3256 533 3329 diffugerint
547 3253 639 3320 injurio
653 3251 823 3320 reprehendit
835 3253 879 3301 Er·
923 3252 1036 3314 Martiis,
1048 3250 1144 3320 quibus
1155 3250 1208 3301 Jul.
1222 3253 1309 3303 Cesar
1320 3256 1429 3305 occisus

381 3347 447 3384 nest.
467 3331 605 3403 postulans
617 3331 785 3401 diffuqerent.
801 3329 877 3381 Conf.
923 3330 1018 3378 iuerat.

381 3424 437 3460 not.
451 3409 484 3460 ad
497 3410 560 3460 Caes.
573 3409 600 3459 6.
794 3399 796 3408 ’
960 3407 984 3460 5.
996 3409 1115 3460 Fortunae
1122 3407 1275 3461 Antiatinoe.
1286 3409 1329 3462 At.
1339 3422 1429 3477 sortes,

419 3507 443 3541 2.
471 3487 630 3558 Capitolium
646 3490 748 3556 Capreis.
768 3485 833 3536 Vide
846 3485 880 3536 ad
925 3485 998 3556 quod
1013 3506 1044 3537 ex
1059 3487 1278 3556 interpretatione
1290 3503 1380 3541 ortum
1395 3495 1431 3542 ri·

381 3569 470 3619 Tiber.
482 3585 541 3636 cap.
555 3567 597 3632 40.
924 3565 1010 3631 detur,
1022 3583 1104 3636 quum
1112 3564 1432 3638 sortiumcrebriorapud

397 3693 404 3708 ,
418 3650 442 3700 3.
463 3648 558 3697 Item...
574 3644 642 3695 cella
655 3643 774 3698 Palatini
784 3645 881 3694 atrien·
924 3647 1050 3696 Nostrum
1060 3644 1104 3694 fiet
1114 3646 1222 3694 mentio.
1233 3644 1302 3698 Vide
1313 3665 1371 3717 quae
1382 3666 1432 3700 no-

380 3728 419 3779 eis.
432 3723 580 3792 intelligunt
591 3722 697 3789 cellam,
707 3721 804 3786 οἴκημα,
814 3725 879 3773 servi
926 3726 1036 3774 tavitnus
1051 3721 1084 3774 ad
1097 3721 1184 3773 Tiber.
1200 3723 1230 3787 14
1244 3736 1270 3773 et
1281 3721 1327 3776 63.
1347 3726 1433 3777 Erunt

382 3806 501 3857 atriensis
511 3803 610 3854 Palatii.
625 3802 674 3853 Sed
685 3819 765 3872 quum
776 3802 881 3872 Cupito·
926 3815 1012 3852 autem
1023 3799 1080 3851 duae
1088 3800 1211 3850 Fortunae
1220 3802 1308 3862 Antii,
1320 3803 1431 3855 oracula

381 3886 445 3937 lium
456 3887 509 3936 sive
518 3885 591 3934 lovis
604 3881 729 3952 templum
742 3899 881 3950 praecesse-
926 3878 1047 3939 edentes,
1061 3894 1126 3946 quns
1141 3877 1265 3930 veridicas
1277 3897 1375 3932 sorores
1388 3881 1432 3934 di-

381 3969 431 4031 rit,
453 3962 605 4014 Palatinum
623 3961 758 4013 atriensem
779 3959 881 4029 Apolli·
926 3959 961 4008 cit
977 3958 1088 4008 Martini.
1103 3957 1191 4028 Epigr.
1204 3959 1242 4018 V,
1259 3973 1286 4024 t,
1303 3958 1329 4010 3.
1350 3963 1429 4014 Conf.

381 4063 442 4097 nem
450 4061 506 4096 esse
516 4056 581 4112 puto
592 4041 752 4104 Palatinum,
763 4039 795 4090 de
806 4042 880 4108 cujus
926 4035 1060 4106 Bulenger.
1069 4035 1102 4088 de
1111 4035 1231 4088 Sortibus
1239 4035 1334 4106 (Thes.
1343 4041 1430 4094 Grtev.

383 4123 481 4193 templo
498 4120 556 4172 vide
573 4119 607 4171 ad
622 4121 731 4188 August.
750 4135 790 4186 ²9·
808 4119 880 4168 Con·
926 4129 987 4168 tom.
1000 4121 1035 4183 V,
1045 4136 1107 4188 pag.
1122 4115 1200 4185 363).
1213 4146 1250 4158 ·-·
1269 4118 1332 4170 Uta
1345 4122 1433 4174 Cassio

377 4217 501 4272 junxerat
511 4213 598 4253 autern
608 4197 726 4270 Caligula
736 4196 810 4269 (ride
821 4216 878 4268 cap.
926 4209 1032 4248 caveret.
1043 4196 1125 4249 cont.
1138 4197 1204 4264 Dio,
1215 4197 1289 4265 LIX,
1304 4215 1345 4267 ²9·
