3048 5142
514 556 652 622 nano.
683 532 687 540 ’
1040 583 1107 652 219

64 679 162 766 falsa,
180 705 252 750 non
263 679 329 749 alio
342 697 541 775 argumento
555 679 743 767 refellebat,
764 707 868 780 quam
883 683 975 781 quod
987 683 1108 756 ³etiem

66 793 193 859 inscitia
208 790 272 860 sibi
286 807 380 860 tento
392 815 493 885 opere
506 791 686 860 elaboratae
702 793 926 888 perfectaeque
940 820 961 863 a
976 819 1013 864 se
1027 800 1108 866 artis

66 899 443 995 objiceretur3sin5ulos
454 901 597 971 subinde
608 906 770 995 rogitans,
787 922 1109 1003 «nossentnequem
1146 921 1148 926 ’
1175 955 1180 964 ,

67 1037 166 1107 quam
186 1016 494 1106 praestantiorem.»
517 1013 581 1082 Sed
598 1013 797 1107 urgentibus
813 1014 886 1083 aliis
906 1037 1008 1110 super
1025 1017 1110 1086 alios

68 1125 212 1207 nunciis,
230 1129 373 1192 Romam
386 1123 608 1218 praetrepidus
622 1122 738 1194 rediit:
753 1123 939 1220 leviterque
954 1124 1056 1195 modo
1072 1130 1108 1195 in
1144 1123 1147 1130 ’

69 1234 180 1301 itinere
190 1232 313 1301 frivolo
322 1235 594 1326 auspiciomente
604 1249 770 1318 recreata,
782 1259 889 1329 quum
898 1251 1109 1321 annotasset,

73 1343 272 1437 insculptum
281 1361 501 1413 monumento
512 1344 652 1415 militem
660 1344 796 1414 Gallum
806 1345 849 1413 ab
862 1349 981 1441 Equite
990 1353 1111 1416 Roma-

73 1435 727 1548 nooppressum'trahicrinibusmdeam
737 1457 1112 1550 speciemexsiluitgeu-

74 1561 336 1660 dio,caelumque
344 1565 506 1633 adoravit.
517 1571 564 1634 Ac
571 1591 614 1634 ne
623 1583 705 1635 tunc
713 1565 849 1662 quidem
856 1572 1045 1638 autSenatu
1052 1585 1112 1638 aut

72 1675 190 1769 populo
203 1699 319 1744 coram
331 1677 517 1771 appellato,
533 1679 699 1773 quosdam
712 1703 731 1747 e
744 1679 949 1772 primoribus
962 1683 1042 1749 viris
1055 1681 1111 1748 do·

73 1811 158 1854 mum
175 1791 347 1856 evocavit:
369 1803 603 1883 transactoque
616 1791 740 1882 raptim
756 1789 1020 1874 consultatione,
1034 1791 1111 1858 reli·

74 1921 168 1992 quam
183 1898 251 1966 diei
266 1917 398 1992 partem
414 1923 476 1993 per
493 1923 618 1992 organa
634 1898 854 1994 hydraulica⁴
866 1904 946 1970 novi
959 1918 994 1970 et
1006 1905 1112 1995 ignoti

75 2011 196 2099 generis
219 2007 460 2077 circumduxit:
481 2011 731 2107 ostendensque
754 2011 902 2104 singule,
920 2011 964 2079 de
981 2015 1113 2080 ratione

74 2141 108 2185 ac
118 2117 314 2188 difficultate
327 2117 491 2215 cujusque
509 2119 694 2206 disserens,
710 2118 782 2214 jam
800 2143 835 2190 se
849 2123 950 2190 etiam
963 2121 1112 2216 prolatu-

75 2252 141 2296 rum
152 2231 311 2296 omniain
323 2228 492 2298 theatrum
499 2229 692 2316 affirmavit,
706 2234 734 2298 si
745 2256 807 2324 per
815 2228 991 2298 Vindicem
1001 2228 1110 2300 liceat.

114 2343 216 2408 XLII.
242 2343 425 2436 Postquam
443 2339 564 2408 deinde
582 2343 682 2408 etiam
701 2341 842 2410 Galbam
860 2357 894 2408 et
914 2343 1112 2432 'Hispanias

76 2448 247 2520 descivisse
270 2454 444 2544 cognovit,
466 2452 655 2546 collapsus,
678 2457 859 2548 animoque
879 2453 967 2521 male
988 2453 1113 2544 ¹fracto,

77 2559 128 2629 diu
141 2577 173 2628 et
182 2564 257 2630 sine
268 2585 368 2646 voce,
383 2579 417 2630 et
430 2588 537 2656 prope
550 2567 793 2634 intermortuus
803 2563 917 2658 jacuit.
934 2551 1048 2659 thue
1063 2589 1114 2632 re·

78 2672 180 2764 sipuit‚
190 2686 286 2740 veste
298 2670 562 2766 discissa,cepite
574 2674 828 2758 converberato,
842 2690 978 2743 «actum
988 2673 1031 2740 de
1041 2697 1109 2757 sep

78 2786 319 2874 pronunciavit:
341 2784 596 2880 consolantique
614 2786 806 2870 nutriculae,
831 2803 865 2856 et
881 2786 955 2854 aliis
977 2777 1116 2881 quoque

76 2887 137 2983 jam
157 2893 369 2986 Principibus
388 2894 509 2962 similia
531 2893 691 2964 accidisse
711 2899 930 2978 memoranti,
952 2899 1016 2964 «Se
1034 2918 1115 2961 vero

79 3017 189 3094 praeter
213 3020 343 3072 ceteros
367 3004 519 3073 inaudita
541 3020 575 3074 et
597 3010 765 3099 incognite
786 3010 895 3100 peti‚»
922 3003 1114 3097 respondit,

84 3117 156 3208 aqui
164 3138 337 3182 summum
348 3118 546 3210 imperium²
556 3120 652 3186 vivus
665 3122 864 3186 amitteret.»
876 3121 947 3185 Nec
957 3141 998 3183 eo
1007 3118 1114 3184 secius

82 3227 250 3321 quicquam
272 3249 315 3294 ex
332 3226 578 3296 consuetudine
598 3227 700 3296 luxus
719 3245 821 3322 atque
839 3223 974 3293 desidiae
988 3225 1117 3306 omisit,

82 3333 127 3402 vel
143 3338 321 3404 imminuit.
344 3339 434 3423 Quin
451 3341 573 3422 immo,
595 3363 702 3433 quum
716 3339 870 3431 prosperi
890 3334 1052 3432 quiddam
1074 3359 1116 3402 ex

83 3447 249 3538 provinciis
262 3451 461 3516 nunciatum
477 3466 577 3534 esset,
592 3476 694 3544 super
709 3445 1033 3517 abundantissimam
1050 3471 1117 3514 coe-

84 3581 152 3626 nam
168 3557 334 3654 jocularia
352 3563 387 3629 in
405 3561 601 3631 defectionis
617 3563 722 3631 duces
740 3564 905 3644 carmina,
926 3560 1119 3654 lasciveque

113 3783 137 3838 ³.
153 3787 281 3842 donalia
295 3800 478 3860 arpummto...
489 3807 572 3863 quam
618 3791 721 3865 oryam's
748 3787 908 3860 hydraulicis
931 3788 1035 3859 scripsit
1057 3786 1119 3837 Rei·

86 3867 573 3943 quedammomcvelipsararione,
618 3887 720 3936 merus,
732 3881 760 3923 et
770 3887 837 3941 qnos
849 3867 893 3920 ille
905 3867 1002 3920 citavit.

87 3947 149 4017 qaod
157 3951 256 4018 peritus
267 3963 416 4020 negaretur.
428 3979 465 3991 --
475 3951 574 4005 Elalo·
659 3949 736 4001 xul.
757 3966 780 4001 1.
798 3947 908 4000 Galbam
925 3957 950 3997 et
961 3943 1118 4016 Hispanias,

87 4028 188 4080 malta
197 4027 383 4082 emendatione
390 4033 515 4082 Burman.
523 4049 573 4102 pro
619 4042 668 4082 eto.
682 4030 721 4082 ct.
736 4026 836 4100 Xiphil.
849 4044 909 4098 cap.
926 4041 972 4094 ²7³
984 4020 1116 4074 Plutarch.

87 4102 147 4175 vulg.
158 4106 277 4162 laborata
289 4115 444 4181 recepimus.
618 4108 695 4162 Galb.
709 4107 735 4162 5.

117 4185 139 4251 l.
155 4188 206 4239 Per
220 4208 319 4262 arpena
334 4188 505 4260 hydraulica,
522 4202 572 4243 etc.
655 4207 679 4242 a.
702 4189 839 4241 Summum
870 4180 1015 4254 imperium.
1039 4175 1116 4246 Vulfl.

89 4261 155 4317 soal.
167 4265 263 4338 lliplril.
275 4267 291 4319 l.
306 4289 329 4320 c.
341 4267 388 4320 obi
400 4268 459 4322 vide
471 4289 528 4341 qua·
540 4269 573 4323 de
617 4288 705 4332 suum,
717 4265 789 4339 quod
801 4283 909 4338 prorsus
918 4263 1044 4330 ineptum.
