3068 5144
429 557 493 622 356
800 557 835 618 C.
862 552 1092 621 SUETONII

426 683 511 754 ctael
525 707 586 776 pro
601 680 781 750 concubitu
800 683 951 749 sestertia
965 679 1212 775 quadringenta
1226 677 1398 763 donasset,
1411 681 1458 748 ad·

425 811 584 863 mouente
598 775 848 886 dispensatore,
861 789 1145 886 quemadmodum
1161 815 1328 858 summam
1341 793 1459 858 rationi·

426 908 490 975 bus
505 905 607 974 vellet
619 904 753 984 inferri3
771 906 1019 996 «Vespasiano,
1031 935 1045 964 n
1060 904 1186 998 iuquit,
1205 899 1416 970 redamatu.»
1527 985 1529 1000 1

470 1022 592 1086 ΧΧΙΙΙ.
618 1015 784 1085 Utebatur
802 1032 835 1083 et
849 1015 1002 1084 versibus
1020 1017 1145 1083 Graecis
1161 1017 1357 1108 tempestive
1372 1015 1457 1094 satis,

424 1145 463 1196 ut
476 1127 519 1194 de
533 1126 681 1222 quodam
694 1149 844 1220 procerae
857 1141 994 1194 stattlrae
1005 1178 1014 1207 ,
1024 1124 1280 1218 improbiusque
1294 1134 1389 1192 nato¹
1404 1151 1411 1191 :

582 1278 673 1356 sinape
684 1277 788 1354 βιβάςῖ,
804 1273 917 1355 κραδάων
929 1274 1096 1354 δολιχὸνκιον
1107 1273 1198 1353 ἔγχος·
1294 1337 1301 1348 ‚

423 1412 507 1481 etde
516 1409 638 1479 Cerulo
647 1409 766 1477 liberto
775 1406 800 1492 ³,
811 1413 868 1504 qui
878 1409 972 1478 dives
981 1407 1165 1478 admodum
1175 1409 1219 1476 ob
1227 1407 1457 1500 subterfugien-

457 1634 483 1701 4.
494 1634 627 1685 Perductus
634 1654 643 1693 ,·
656 1630 690 1683 ad
700 1645 834 1704 stuprum,
845 1634 924 1684 utTi·
968 1632 1044 1703 quod
1051 1642 1170 1684 statuunt
1178 1633 1245 1681 inter
1253 1627 1395 1681 libertinum
1403 1641 1426 1680 et
1432 1627 1456 1679 li·

420 1712 476 1764 ber.
490 1709 534 1778 45.
554 1710 593 1763 ΑΙ.
611 1710 753 1781 producte.
770 1709 883 1762 Casaub.
898 1725 925 1762 et
968 1712 1068 1763 bertum
1078 1723 1199 1782 respectu
1209 1707 1325 1776 domini,
1335 1707 1457 1778 acutequi

420 1795 562 1843 Burmann.
574 1787 626 1860 legi
634 1789 777 1841 voluerunt
782 1788 921 1862 perducta,
968 1791 1188 1864 demimpugnnt,
1198 1792 1344 1854 itatamen,
1354 1803 1457 1841 uturum

420 1884 451 1922 ut
466 1871 563 1921 femina
577 1869 741 1940 Vespasiano
755 1867 827 1921 illum
841 1888 924 1940 pecu·
968 1870 1088 1939 dicendi,
1101 1890 1115 1922 a
1129 1869 1302 1942 scriptoribus
1317 1868 1377 1920 alias
1389 1885 1456 1919 aecn-

419 1953 491 2002 niam
503 1947 606 2000 dederit
616 1949 692 2022 quasi
701 1947 823 2014 μίσθωμα
833 1947 873 2004 siit
885 1969 925 1999 ov·
968 1953 1096 2003 ratissime
1104 1951 1282 2012 observatum,
1290 1945 1458 2001 evertissedis·

420 2027 925 2101 swelu,quodsanosensuinonminus,
968 2032 1107 2101 putatione
1123 2047 1179 2080 non
1193 2027 1325 2080 videatur.
1338 2029 1392 2097 Ego
1407 2026 1457 2097 qui·

421 2106 924 2182 quamlegitimaeverborunrstructurae
969 2107 1458 2181 demVespesisnilibertumfuisseper·

420 2205 579 2260 repugnare,
588 2187 650 2238 saris
658 2185 829 2257 disputarunt
836 2185 924 2238 Dulre-
969 2207 1075 2242 suasum
1086 2187 1150 2240 mihi
1159 2186 1258 2255 habeo,
1270 2190 1345 2257 cujus
1354 2183 1458 2238 defuncti

420 2287 476 2334 rus,
488 2268 589 2318 Ernest.
601 2267 628 2316 in
638 2267 770 2329 Excursu,
780 2280 807 2317 et
815 2265 925 2318 Ouden-
969 2266 1040 2319 bona
1049 2285 1080 2318 ex
1089 2281 1164 2338 parte
1174 2266 1208 2318 ad
1218 2265 1312 2319 liscum
1319 2264 1458 2339 Vespasiani

420 2345 497 2418 dorp.
514 2347 576 2398 Mox
592 2343 783 2419 quadrinqeutu
796 2363 857 2396 eum
871 2346 926 2398 Ou-
970 2346 1109 2411 redibant,
1127 2359 1157 2398 nt
1177 2349 1293 2417 patroni.
1314 2347 1379 2398 Nam
1397 2341 1459 2416 quod

420 2423 550 2496 dendorp.
564 2421 694 2474 edidimus
706 2442 721 2474 e
733 2424 840 2474 Memm.
854 2423 927 2474 aliis·
969 2429 1074 2479 Ernest.
1085 2425 1191 2497 objicit,
1204 2425 1307 2477 nullum
1317 2425 1353 2478 ihi
1360 2428 1402 2498 jus
1411 2425 1457 2476 fisci

421 2521 474 2575 que
498 2521 547 2573 pro
568 2501 760 2575 quadraqt'nta,
785 2514 811 2552 et
835 2500 927 2572 inferri
970 2503 1458 2576 fuisse,quumpecuniaeaadvespa-

421 2603 471 2656 pro
481 2581 585 2654 referri,
596 2580 708 2650 jubente
719 2581 804 2635 Codd.
815 2585 928 2634 auctori·
972 2585 1074 2636 sianum
1088 2596 1118 2634 ut
1132 2597 1290 2654 patronum,
1309 2602 1363 2635 non
1376 2595 1403 2634 ut
1414 2585 1457 2633 lm·

421 2677 477 2714 tate
500 2661 683 2731 sermonisque
705 2661 791 2712 Latini
813 2662 925 2712 ratione.
971 2659 1459 2732 peratorem,pervenisset,idinttrgtr

421 2741 510 2793 Verba
522 2739 638 2809 denique
653 2739 810 2810 Vespasiano
820 2741 927 2792 adame·
972 2743 1071 2792 tatione
1081 2740 1114 2791 de
1119 2737 1181 2812 fisci
1190 2741 1379 2811 significatione
1389 2757 1459 2792 versa·

423 2833 467 2888 to,
481 2821 509 2872 in
524 2817 621 2892 quibus
635 2819 734 2890 pariter
751 2817 928 2871 hallucinatur
972 2834 1024 2884 tur,
1045 2820 1078 2872 sd
1099 2837 1178 2890 quem
1198 2822 1358 2891 pertinuisse
1377 2818 1458 2884 crede,

423 2904 670 2964 Burmannus,non
679 2896 782 2950 dativus
794 2913 927 2970 esseputo
973 2919 1032 2973 quas
1049 2901 1154 2971 privato
1175 2901 1254 2953 etiam
1274 2902 1381 2954 nomine
1396 2901 1459 2952 Prin-

423 3000 485 3034 cum
499 2981 563 3031 viris
574 2979 678 3046 doctis,
693 2996 761 3051 quos
775 2997 856 3050 supra
869 2978 929 3031 lau·
972 2997 1035 3049 ceps
1050 2978 1206 3050 accipiebat.
1222 2979 1282 3030 lam
1298 2998 1380 3051 quum
1393 2978 1459 3032 Cert-

424 3062 497 3129 davi,
507 3059 553 3112 sed
564 3058 708 3124 ablativos,
718 3059 763 3111 Gr.
773 3057 929 3110 obmane-
971 3059 1012 3111 lus
1022 3061 1166 3132 ingenuum
1175 3077 1203 3111 se
1210 3057 1315 3112 tulisset
1322 3059 1394 3130 (vera
1402 3061 1458 3110 enin

424 3143 462 3194 roi
474 3137 627 3209 ὲμσθὸπος,
639 3137 694 3192 scil.
706 3157 809 3191 summa
818 3137 875 3190 haec
885 3157 929 3191 ex·
972 3137 1052 3192 lectio
1064 3138 1198 3209 estserae,
1208 3156 1264 3190 uon
1276 3139 1387 3192 aliorum
1397 3137 1459 3210 effer

425 3239 509 3294 pensa
523 3232 570 3272 est.
974 3218 1028 3288 re),
1048 3216 1170 3269 Lachetis
1187 3229 1274 3268 sumto
1291 3220 1408 3281 nomine,
1421 3218 1459 3264 Ve-

429 3357 433 3364 ,
460 3301 553 3352 ΧΧΙΙΙ.
570 3299 800 3370 r.1mprobiusque
811 3310 873 3350 noro
881 3321 890 3360 ,-
902 3297 929 3349 h.
974 3295 1126 3366 spasianus,
1140 3296 1240 3346 mortui
1250 3293 1337 3362 bona,
1350 3309 1378 3347 ut
1387 3292 1459 3346 liberti

427 3400 450 3431 e.
464 3381 507 3430 cui
518 3389 613 3430 natura
625 3376 722 3446 (sensu
732 3375 873 3446 obscoeno)
883 3379 930 3428 im·
974 3371 1078 3436 Geruli,
1090 3374 1208 3444 quamvis
1219 3373 1321 3426 Laches
1333 3376 1401 3426 rivus
1410 3373 1459 3424 tuis

426 3456 512 3529 proba
524 3458 579 3510 sive
589 3473 683 3524 magna
697 3468 763 3507 erat.
778 3457 827 3507 llic
839 3473 931 3507 sensus
976 3466 1029 3518 set,
1039 3451 1074 3502 sd
1083 3469 1111 3503 se
1121 3465 1294 3523 perventura,
1304 3467 1431 3524 artemque
1438 3448 1459 3502 il·

427 3539 505 3589 unice
513 3534 748 3587 verus.VideVolf.
754 3538 834 3586 Vane
842 3547 931 3587 nutem
976 3530 1028 3582 lam
1041 3547 1135 3602 parum
1146 3532 1315 3602 profuturam
1326 3533 1420 3585 bomini
1429 3528 1459 3582 di·

427 3628 490 3670 sunt
508 3612 705 3666 emendationes
724 3614 803 3680 irato,
822 3613 930 3685 pedatu,
976 3610 1460 3674 cebauaccommodstoversublenan·

429 3704 529 3757 rosato,
543 3691 703 3757 mutoniato,
715 3703 813 3744 nasute.
976 3688 1017 3740 dri
1038 3686 1167 3757 (Collect.
1185 3691 1295 3758 Clerici,
1311 3711 1370 3764 paq.
1390 3690 1459 3756 alb),

466 3792 490 3826 n.
503 3768 592 3840 Messi
604 3765 691 3836 ssrssdr,
704 3783 754 3822 etc.
767 3773 865 3823 Versus
876 3774 933 3824 llo·
976 3764 1038 3820 imis
1052 3765 1192 3830 derbisire,
1206 3763 1279 3826 αὖθις
1291 3771 1320 3838 ἐξ
1335 3771 1405 3840 aisti:
1418 3769 1459 3836 iq,

429 3854 509 3919 meri,
521 3849 593 3903 llisd.
606 3849 668 3915 VII,
680 3849 745 3916 213,
756 3849 888 3920 desljace.
976 3849 1013 3901 ita
1029 3861 1059 3899 ut
1074 3848 1196 3902 Lachetis
1212 3850 1354 3922 Gerulique
1368 3850 1460 3901 nomina

466 3933 492 3985 3.
506 3932 543 3982 Et
552 3930 584 3981 de
598 3926 688 3980 Cemlo
697 3926 785 3980 libens
792 3965 801 3994 ‚
812 3943 862 3981 etc.
873 3930 934 3982 Gor·
977 3928 1093 3981 adderet.
1108 3931 1168 4000 lpsa
1178 3932 1236 4000 joci
1248 3931 1374 3984 festivitas
1388 3942 1412 3982 et
1423 3947 1460 3981 eo-

430 4007 931 4083 rigitErnest.libertino‚quoniamnon
977 4011 1075 4076 mites,
1099 4011 1251 4080 propiorem
1274 4029 1333 4063 curn
1357 4009 1459 4078 Principe

430 4089 557 4144 credibile
575 4089 709 4154 videatur,
727 4088 884 4159 Vespasiani
901 4088 934 4141 li·
978 4087 1198 4140 cousuetudinern
1220 4087 1317 4142 Cerulo
1336 4087 1459 4152 fuisse,in

431 4171 535 4222 bertum
553 4169 635 4220 luisse
652 4165 785 4219 Gerulum.
802 4165 931 4220 Walther.
978 4165 1062 4220 alieno
1075 4165 1169 4221 liberto
1182 4169 1224 4220 vix
1236 4167 1397 4235 credibilem,
1407 4165 1459 4218 satis

430 4249 540 4302 Observ.
554 4265 614 4320 paq.
626 4246 674 4317 3ο,
684 4258 770 4300 totum
778 4245 933 4318 discrimen,
978 4245 1100 4300 ostendit.
