3076 5146
482 550 788 616 FRAGMENTA.
1089 563 1152 648 ⁴71

110 677 232 745 ludum
245 677 359 744 emissi
371 673 502 767 gladius
514 691 673 743 curvatus
685 676 805 744 fuisset
815 701 857 744 ex
868 679 940 746 acie
955 697 1066 765 recta,
1082 707 1159 776 pro·

111 789 216 857 currit
236 810 326 854 unus
344 785 388 854 ad
406 810 484 855 eum
505 786 762 880 corrigendum:
787 805 928 885 tumque
946 815 968 858 a
985 810 1158 885 pugnante

109 922 313 991 responsum
327 914 397 982 est,
416 899 469 966 Sic
478 900 628 995 puqnabo
641 900 700 987 (al.
714 905 778 968 sica
790 903 974 996 poqnobo):
990 904 1069 973 inde
1081 908 1160 975 sicae

108 1035 237 1082 nomen
250 1011 369 1082 datum
384 1029 444 1081 est.
886 1007 892 1016 ¹

192 1237 422 1302 Commentator
436 1259 457 1300 o
484 1258 521 1300 us
531 1236 676 1316 Horatii,
688 1236 731 1300 od
741 1238 814 1302 Art.
830 1237 918 1304 Poet.
930 1261 977 1303 vs.
993 1236 1072 1320 354.

154 1428 309 1523 Scriptor,
332 1426 505 1510 librarius,
530 1426 729 1522 bibliopola,
755 1433 804 1496 uti
830 1445 959 1498 veteres
982 1427 1154 1516 dicebant,

107 1539 201 1636 quod
215 1555 250 1608 et
262 1537 481 1638 Tranquillus
496 1537 652 1608 affirmat.
1207 1524 1221 1544 ⁸

566 1761 690 1830 Suidas.
800 1847 806 1874 Ι

158 1945 368 2066 Ᾱσσάρια,
381 1956 539 2056 ὀβολοί.
552 1957 956 2063 Νούμμαςόπρὼτος
968 1960 1155 2056 βασιλεὺς

105 2083 207 2188 μετὰ
232 2069 428 2186 annoto
453 2065 646 2187 ῥωμαίων
668 2085 851 2190 γεγονός,
876 2081 959 2166 ἀπὸ
982 2085 1154 2192 σιδήρου

104 2205 179 2286 ’καὶ
213 2209 373 2310 χαλκοῦ
402 2202 653 2310 πεποιημένα
690 2206 962 2312 (νομίσματα)
1000 2219 1155 2315 πρῶτος

103 2333 325 2440 ἐχαρίσατο
342 2315 568 2434 ῥωμαίονς,
585 2344 657 2413 τῶν
674 2332 755 2438 πρὸ
771 2335 903 2414 αὐτοῦ
917 2333 1070 2416 πάντων
1085 2335 1155 2414 διὰ

104 2453 293 2539 σκυτίνων
301 2452 373 2536 καὶ
386 2454 631 2561 ὀστρακίνων
641 2453 711 2546 τὴν
723 2457 866 2561 χρείαν
879 2456 1149 2563 πληρούντννν,

103 2577 209 2685 ἅπερ
228 2579 431 2682 ὠνόμασεν
452 2581 498 2657 ἐκ
512 2581 589 2659 τοῦ
603 2578 715 2658 toton
732 2579 938 2682 ὀνόματος
950 2583 1149 2685 vultuoso,

103 2701 155 2797 ὥς
176 2720 274 2812 φησι
292 2702 568 2810 Τράγκυλλος.
725 2772 727 2781 .
844 2741 849 2760 ·

389 2941 517 3008 Servius
528 2943 572 3007 ad
583 2942 693 3031 Georq.
708 2941 774 3023 IV,
793 2965 866 3031 ¹²7·

150 3141 298 3232 Corycos
315 3138 406 3203 enim
421 3117 538 3205 civita
555 3151 608 3204 est
621 3134 761 3218 Gilioiae,
780 3137 818 3201 in
832 3158 900 3227 qua
915 3151 1052 3203 antrum
1066 3134 1151 3203 illud

103 3251 274 3317 fimorum
284 3269 382 3341 piane
393 3247 436 3315 ab
447 3245 605 3316 omnibus
617 3243 832 3314 celebratum.
845 3248 889 3312 Et
898 3268 960 3338 per
970 3249 1150 3316 transitum

103 3362 211 3452 tangit
221 3357 400 3426 histonam
406 3371 627 3426 memoratam
640 3381 662 3424 a
672 3357 841 3425 Suetonio.
853 3358 1031 3449 Pompeius
1043 3358 1149 3438 enim,

103 3473 200 3539 victis
214 3472 331 3563 piratis
341 3467 518 3553 Cilicibus,
532 3470 658 3562 partim
665 3466 790 3538 ibidem
799 3520 810 3550 ,
820 3471 944 3560 partim
955 3470 991 3535 in
1004 3469 1149 3550 Gracia,

102 3584 227 3674 partim
240 3583 277 3649 in
290 3579 458 3665 Calabria,
472 3604 571 3674 agros
583 3579 730 3648 donavit.

395 3805 485 3872 [dem
497 3804 542 3869 ad
553 3803 678 3870 AEneid.
695 3805 761 3886 VI,
780 3829 855 3894 799.

149 3999 250 4089 Quod
260 4017 375 4069 autem
386 3998 484 4082 dicit,
501 4023 621 4068 verum
635 4015 695 4068 est.
712 4004 798 4068 Nam
813 4015 848 4069 et
864 4000 1041 4069 Suetonius
1053 4000 1099 4064 ait
1114 4000 1150 4066 in

101 4115 181 4180 Vita
191 4113 351 4195 Casan,
365 4133 527 4204 responsa
538 4133 611 4185 esse
623 4109 702 4182 data
714 4135 776 4205 per
785 4126 894 4180 ronam
906 4110 1037 4190 orbem,
1051 4111 1150 4177 Nasci

102 4223 269 4290 invictum
281 4225 532 4315 Imperatorem.
