<?xml version="1.0" encoding="UTF-8"?>
<!DOCTYPE html PUBLIC "-//W3C//DTD XHTML 1.0 Transitional//EN"
    "http://www.w3.org/TR/xhtml1/DTD/xhtml1-transitional.dtd">
<html xmlns="http://www.w3.org/1999/xhtml" xml:lang="en" lang="en">
 <head>
  <title>
</title>
<meta http-equiv="Content-Type" content="text/html;charset=utf-8" />
  <meta name='ocr-system' content='tesseract 3.04.00' />
  <meta name='ocr-capabilities' content='ocr_page ocr_carea ocr_par ocr_line ocrx_word'/>
</head>
<body>
  <div class='ocr_page' id='page_1' title='image "./csuetoniitranqu00suetgoog_0501.png"; bbox 0 0 3076 5146; ppageno 0'>
   <div class='ocr_carea' id='block_1_1' title="bbox 93 530 1150 863">
    <p class='ocr_par' dir='ltr' id='par_1_1' title="bbox 93 530 1150 863">
     <span class='ocr_line' id='line_1_1' title="bbox 312 530 1148 619; baseline 0.006 -21"><span class='ocrx_word' id='word_1_1' title='bbox 312 534 347 599; x_wconf 91' lang='lat' dir='ltr'><strong>C.</strong></span> <span class='ocrx_word' id='word_1_2' title='bbox 374 531 608 598; x_wconf 84' lang='lat' dir='ltr'><strong>SUETONll</strong></span> <span class='ocrx_word' id='word_1_3' title='bbox 632 530 939 599; x_wconf 75' lang='lat' dir='ltr'><strong>FRAGMENTA.</strong></span> <span class='ocrx_word' id='word_1_4' title='bbox 1083 537 1148 619; x_wconf 73' lang='lat'><strong>463</strong></span> 
     </span>
     <span class='ocr_line' id='line_1_2' title="bbox 94 655 1150 754; baseline 0.001 -26"><span class='ocrx_word' id='word_1_5' title='bbox 94 659 212 728; x_wconf 86' lang='lat' dir='ltr'><strong>tribus</strong></span> <span class='ocrx_word' id='word_1_6' title='bbox 223 658 371 730; x_wconf 88' lang='lat' dir='ltr'><strong>Suetonii</strong></span> <span class='ocrx_word' id='word_1_7' title='bbox 382 655 493 739; x_wconf 87' lang='lat' dir='ltr'><strong>libris,</strong></span> <span class='ocrx_word' id='word_1_8' title='bbox 510 679 595 751; x_wconf 89' lang='lat' dir='ltr'><strong>quos</strong></span> <span class='ocrx_word' id='word_1_9' title='bbox 607 655 663 724; x_wconf 91' lang='lat' dir='ltr'><strong>ille</strong></span> <span class='ocrx_word' id='word_1_10' title='bbox 675 657 713 722; x_wconf 85' lang='lat' dir='ltr'><strong>de</strong></span> <span class='ocrx_word' id='word_1_11' title='bbox 725 657 866 748; x_wconf 76' lang='lat' dir='ltr'><strong>Beqibus</strong></span> <span class='ocrx_word' id='word_1_12' title='bbox 879 655 985 744; x_wconf 83' lang='lat' dir='ltr'>dedit,</span> <span class='ocrx_word' id='word_1_13' title='bbox 1000 663 1035 728; x_wconf 92' lang='lat' dir='ltr'><strong>in</strong></span> <span class='ocrx_word' id='word_1_14' title='bbox 1048 665 1150 754; x_wconf 85' lang='lat' dir='ltr'><strong>epito-</strong></span> 
     </span>
     <span class='ocr_line' id='line_1_3' title="bbox 93 767 1149 863; baseline 0.002 -23"><span class='ocrx_word' id='word_1_15' title='bbox 93 796 182 840; x_wconf 86' lang='lat' dir='ltr'><strong>men</strong></span> <span class='ocrx_word' id='word_1_16' title='bbox 197 773 334 863; x_wconf 74' lang='lat' dir='ltr'>coegisti</span> <span class='ocrx_word' id='word_1_17' title='bbox 346 784 439 838; x_wconf 87' lang='lat' dir='ltr'><strong>tanta</strong></span> <span class='ocrx_word' id='word_1_18' title='bbox 452 769 634 860; x_wconf 71' lang='lat' dir='ltr'><strong>elegantia,</strong></span> <span class='ocrx_word' id='word_1_19' title='bbox 653 767 746 838; x_wconf 90' lang='lat' dir='ltr'><strong>solus</strong></span> <span class='ocrx_word' id='word_1_20' title='bbox 762 769 892 838; x_wconf 80' lang='lat' dir='ltr'><strong>mmihi</strong></span> <span class='ocrx_word' id='word_1_21' title='bbox 908 770 1042 840; x_wconf 83' lang='lat' dir='ltr'>videare</span> <span class='ocrx_word' id='word_1_22' title='bbox 1059 799 1149 844; x_wconf 87' lang='lat' dir='ltr'><strong>asse-</strong></span> 
     </span>
    </p>
   </div>
   <div class='ocr_carea' id='block_1_2' title="bbox 93 879 1151 1086">
    <p class='ocr_par' dir='ltr' id='par_1_2' title="bbox 93 879 1151 1086">
     <span class='ocr_line' id='line_1_4' title="bbox 94 879 1151 976; baseline 0.002 -26"><span class='ocrx_word' id='word_1_23' title='bbox 94 897 220 966; x_wconf 88' lang='lat' dir='ltr'><strong>cutus,</strong></span> <span class='ocrx_word' id='word_1_24' title='bbox 242 879 333 976; x_wconf 90' lang='lat' dir='ltr'><strong>quod</strong></span> <span class='ocrx_word' id='word_1_25' title='bbox 358 897 474 948; x_wconf 89' lang='lat' dir='ltr'><strong>contra</strong></span> <span class='ocrx_word' id='word_1_26' title='bbox 499 896 654 946; x_wconf 75' lang='lat' dir='ltr'><strong>nonnam</strong></span> <span class='ocrx_word' id='word_1_27' title='bbox 680 893 748 961; x_wconf 89' lang='lat' dir='ltr'><strong>est,</strong></span> <span class='ocrx_word' id='word_1_28' title='bbox 776 880 920 950; x_wconf 80' lang='lat' dir='ltr'>brevitas</span> <span class='ocrx_word' id='word_1_29' title='bbox 944 898 983 950; x_wconf 91' lang='lat' dir='ltr'><strong>ut</strong></span> <span class='ocrx_word' id='word_1_30' title='bbox 1006 883 1151 954; x_wconf 83' lang='lat' dir='ltr'><strong>obscura</strong></span> 
     </span>
     <span class='ocr_line' id='line_1_5' title="bbox 93 991 932 1086; baseline -0.004 -23"><span class='ocrx_word' id='word_1_31' title='bbox 93 1019 170 1063; x_wconf 90' lang='lat' dir='ltr'><strong>non</strong></span> <span class='ocrx_word' id='word_1_32' title='bbox 190 1009 290 1062; x_wconf 87' lang='lat' dir='ltr'><strong>esset.</strong></span> <span class='ocrx_word' id='word_1_33' title='bbox 312 998 351 1060; x_wconf 93' lang='lat' dir='ltr'><strong>ln</strong></span> <span class='ocrx_word' id='word_1_34' title='bbox 369 991 422 1059; x_wconf 93' lang='lat' dir='ltr'><strong>bis</strong></span> <span class='ocrx_word' id='word_1_35' title='bbox 442 991 595 1060; x_wconf 90' lang='lat' dir='ltr'><strong>versibus</strong></span> <span class='ocrx_word' id='word_1_36' title='bbox 612 1014 673 1084; x_wconf 78' lang='lat' dir='ltr'><strong>ego</strong></span> <span class='ocrx_word' id='word_1_37' title='bbox 690 992 755 1058; x_wconf 88' lang='lat' dir='ltr'><strong>ista</strong></span> <span class='ocrx_word' id='word_1_38' title='bbox 773 997 932 1086; x_wconf 77' lang='lat' dir='ltr'><strong>cognovi:</strong></span> 
     </span>
    </p>
   </div>
   <div class='ocr_carea' id='block_1_3' title="bbox 158 1173 1122 2048">
    <p class='ocr_par' dir='ltr' id='par_1_3' title="bbox 158 1173 935 1273">
     <span class='ocr_line' id='line_1_6' title="bbox 158 1173 935 1273; baseline -0.003 -21"><span class='ocrx_word' id='word_1_39' title='bbox 158 1191 381 1273; x_wconf 80' lang='lat' dir='ltr'><strong>Europamque</strong></span> <span class='ocrx_word' id='word_1_40' title='bbox 393 1189 556 1268; x_wconf 84' lang='lat' dir='ltr'><strong>Asiamque</strong></span> <span class='ocrx_word' id='word_1_41' title='bbox 568 1185 629 1248; x_wconf 88' lang='lat' dir='ltr'><strong>duo</strong></span> <span class='ocrx_word' id='word_1_42' title='bbox 641 1173 837 1248; x_wconf 48' lang='lat' dir='ltr'><strong>vel&#39;maxima</strong></span> <span class='ocrx_word' id='word_1_43' title='bbox 848 1200 935 1250; x_wconf 82' lang='lat' dir='ltr'><strong>terrae</strong></span> 
     </span>
    </p>

    <p class='ocr_par' dir='ltr' id='par_1_4' title="bbox 161 1267 1102 1469">
     <span class='ocr_line' id='line_1_7' title="bbox 161 1267 1102 1369; baseline -0.002 -19"><span class='ocrx_word' id='word_1_44' title='bbox 161 1288 318 1365; x_wconf 87' lang='lat' dir='ltr'><strong>Membra,</strong></span> <span class='ocrx_word' id='word_1_45' title='bbox 332 1287 443 1368; x_wconf 87' lang='lat' dir='ltr'><strong>quibus</strong></span> <span class='ocrx_word' id='word_1_46' title='bbox 456 1287 589 1369; x_wconf 82' lang='lat' dir='ltr'><strong>Libyam</strong></span> <span class='ocrx_word' id='word_1_47' title='bbox 600 1285 694 1346; x_wconf 88' lang='lat' dir='ltr'><strong>dubie</strong></span> <span class='ocrx_word' id='word_1_48' title='bbox 708 1285 867 1346; x_wconf 83' lang='lat' dir='ltr'><strong>Sallustius</strong></span> <span class='ocrx_word' id='word_1_49' title='bbox 881 1287 981 1365; x_wconf 83' lang='lat' dir='ltr'><strong>addit,</strong></span> <span class='ocrx_word' id='word_1_50' title='bbox 1100 1267 1102 1278; x_wconf 40' lang='grc' dir='ltr'>Ι</span> 
     </span>
     <span class='ocr_line' id='line_1_8' title="bbox 161 1383 912 1469; baseline -0.004 -23"><span class='ocrx_word' id='word_1_51' title='bbox 161 1388 297 1469; x_wconf 70' lang='lat' dir='ltr'><strong>Europe</strong></span> <span class='ocrx_word' id='word_1_52' title='bbox 311 1383 502 1467; x_wconf 82' lang='lat' dir='ltr'><strong>adjunctam3</strong></span> <span class='ocrx_word' id='word_1_53' title='bbox 517 1386 614 1468; x_wconf 80' lang='lat' dir='ltr'><strong>possit</strong></span> <span class='ocrx_word' id='word_1_54' title='bbox 625 1404 724 1464; x_wconf 90' lang='lat' dir='ltr'><strong>quum</strong></span> <span class='ocrx_word' id='word_1_55' title='bbox 739 1385 827 1445; x_wconf 84' lang='lat' dir='ltr'><strong>tertia</strong></span> <span class='ocrx_word' id='word_1_56' title='bbox 841 1384 912 1448; x_wconf 83' lang='lat' dir='ltr'><strong>dici.</strong></span> 
     </span>
    </p>

    <p class='ocr_par' dir='ltr' id='par_1_5' title="bbox 161 1481 943 1566">
     <span class='ocr_line' id='line_1_9' title="bbox 161 1481 943 1566; baseline -0.004 -21"><span class='ocrx_word' id='word_1_57' title='bbox 161 1487 317 1566; x_wconf 78' lang='lat' dir='ltr'><strong>Regnatas</strong></span> <span class='ocrx_word' id='word_1_58' title='bbox 330 1482 450 1556; x_wconf 87' lang='lat' dir='ltr'><strong>multis,</strong></span> <span class='ocrx_word' id='word_1_59' title='bbox 464 1503 542 1563; x_wconf 90' lang='lat' dir='ltr'><strong>quos</strong></span> <span class='ocrx_word' id='word_1_60' title='bbox 554 1481 638 1542; x_wconf 88' lang='lat' dir='ltr'><strong>fama</strong></span> <span class='ocrx_word' id='word_1_61' title='bbox 650 1481 810 1558; x_wconf 83' lang='lat' dir='ltr'><strong>obliterat,</strong></span> <span class='ocrx_word' id='word_1_62' title='bbox 823 1495 853 1543; x_wconf 89' lang='lat' dir='ltr'><strong>et</strong></span> <span class='ocrx_word' id='word_1_63' title='bbox 865 1503 943 1564; x_wconf 90' lang='lat' dir='ltr'><strong>quos</strong></span> 
     </span>
    </p>

    <p class='ocr_par' dir='ltr' id='par_1_6' title="bbox 161 1578 1122 1858">
     <span class='ocr_line' id='line_1_10' title="bbox 161 1578 962 1660; baseline -0.004 -19"><span class='ocrx_word' id='word_1_64' title='bbox 161 1581 299 1641; x_wconf 85' lang='lat' dir='ltr'><strong>Barbara</strong></span> <span class='ocrx_word' id='word_1_65' title='bbox 312 1583 458 1642; x_wconf 85' lang='lat' dir='ltr'><strong>Romanae</strong></span> <span class='ocrx_word' id='word_1_66' title='bbox 473 1599 537 1640; x_wconf 86' lang='lat' dir='ltr'><strong>non</strong></span> <span class='ocrx_word' id='word_1_67' title='bbox 551 1578 679 1639; x_wconf 91' lang='lat' dir='ltr'><strong>tradunt</strong></span> <span class='ocrx_word' id='word_1_68' title='bbox 693 1579 823 1639; x_wconf 90' lang='lat' dir='ltr'><strong>nomina</strong></span> <span class='ocrx_word' id='word_1_69' title='bbox 837 1579 962 1660; x_wconf 74' lang='lat' dir='ltr'><strong>linguar,</strong></span> 
     </span>
     <span class='ocr_line' id='line_1_11' title="bbox 161 1675 1122 1757; baseline -0.001 -18"><span class='ocrx_word' id='word_1_70' title='bbox 161 1678 343 1754; x_wconf 83' lang='lat' dir='ltr'><strong>Illibanum,</strong></span> <span class='ocrx_word' id='word_1_71' title='bbox 354 1677 583 1757; x_wconf 88' lang='lat' dir='ltr'><strong>Numidamque</strong></span> <span class='ocrx_word' id='word_1_72' title='bbox 594 1676 720 1752; x_wconf 85' lang='lat' dir='ltr'><strong>Avelim,</strong></span> <span class='ocrx_word' id='word_1_73' title='bbox 731 1675 941 1756; x_wconf 87' lang='lat' dir='ltr'><strong>Parthumque</strong></span> <span class='ocrx_word' id='word_1_74' title='bbox 948 1677 1122 1752; x_wconf 84' lang='lat' dir='ltr'><strong>Vononem,</strong></span> 
     </span>
     <span class='ocr_line' id='line_1_12' title="bbox 163 1771 949 1858; baseline -0.006 -24"><span class='ocrx_word' id='word_1_75' title='bbox 163 1776 206 1834; x_wconf 87' lang='lat' dir='ltr'><strong>Et</strong></span> <span class='ocrx_word' id='word_1_76' title='bbox 219 1777 389 1849; x_wconf 81' lang='lat' dir='ltr'><strong>Garanum,</strong></span> <span class='ocrx_word' id='word_1_77' title='bbox 402 1771 514 1834; x_wconf 82' lang='lat' dir='ltr'><strong>Pellaea</strong></span> <span class='ocrx_word' id='word_1_78' title='bbox 524 1771 608 1833; x_wconf 87' lang='lat' dir='ltr'><strong>dedit</strong></span> <span class='ocrx_word' id='word_1_79' title='bbox 620 1773 674 1852; x_wconf 90' lang='lat' dir='ltr'><strong>qui</strong></span> <span class='ocrx_word' id='word_1_80' title='bbox 686 1773 814 1858; x_wconf 83' lang='lat' dir='ltr'><strong>nomina</strong></span> <span class='ocrx_word' id='word_1_81' title='bbox 826 1791 949 1852; x_wconf 79' lang='lat' dir='ltr'><strong>regum,</strong></span> 
     </span>
    </p>

    <p class='ocr_par' dir='ltr' id='par_1_7' title="bbox 165 1869 954 1952">
     <span class='ocr_line' id='line_1_13' title="bbox 165 1869 954 1952; baseline -0.003 -22"><span class='ocrx_word' id='word_1_82' title='bbox 165 1871 289 1952; x_wconf 90' lang='lat' dir='ltr'><strong>Quique</strong></span> <span class='ocrx_word' id='word_1_83' title='bbox 302 1892 408 1952; x_wconf 84' lang='lat' dir='ltr'><strong>magos</strong></span> <span class='ocrx_word' id='word_1_84' title='bbox 419 1869 525 1932; x_wconf 90' lang='lat' dir='ltr'><strong>docuit</strong></span> <span class='ocrx_word' id='word_1_85' title='bbox 538 1870 682 1952; x_wconf 77' lang='lat' dir='ltr'><strong>mysteria</strong></span> <span class='ocrx_word' id='word_1_86' title='bbox 696 1887 776 1928; x_wconf 87' lang='lat' dir='ltr'><strong>vana</strong></span> <span class='ocrx_word' id='word_1_87' title='bbox 790 1870 954 1950; x_wconf 85' lang='lat' dir='ltr'><strong>Necepsus,</strong></span> 
     </span>
    </p>

    <p class='ocr_par' dir='ltr' id='par_1_8' title="bbox 164 1963 994 2048">
     <span class='ocr_line' id='line_1_14' title="bbox 164 1963 994 2048; baseline -0.004 -23"><span class='ocrx_word' id='word_1_88' title='bbox 164 1967 205 2025; x_wconf 86' lang='lat' dir='ltr'><strong>Et</strong></span> <span class='ocrx_word' id='word_1_89' title='bbox 217 1969 269 2047; x_wconf 91' lang='lat' dir='ltr'><strong>qui</strong></span> <span class='ocrx_word' id='word_1_90' title='bbox 283 1967 422 2048; x_wconf 80' lang='lat' dir='ltr'><strong>regnavit</strong></span> <span class='ocrx_word' id='word_1_91' title='bbox 435 1967 501 2025; x_wconf 89' lang='lat' dir='ltr'><strong>sine</strong></span> <span class='ocrx_word' id='word_1_92' title='bbox 513 1967 641 2025; x_wconf 89' lang='lat' dir='ltr'><strong>nomine</strong></span> <span class='ocrx_word' id='word_1_93' title='bbox 655 1985 729 2024; x_wconf 84' lang='lat' dir='ltr'><strong>mox</strong></span> <span class='ocrx_word' id='word_1_94' title='bbox 740 1963 910 2026; x_wconf 88' lang='lat' dir='ltr'><strong>Sesoostris.</strong></span> <span class='ocrx_word' id='word_1_95' title='bbox 987 1971 994 1983; x_wconf 72' lang='grc'><strong>”</strong></span> 
     </span>
    </p>
   </div>
   <div class='ocr_carea' id='block_1_4' title="bbox 268 2233 989 2352">
    <p class='ocr_par' dir='ltr' id='par_1_9' title="bbox 268 2233 989 2352">
     <span class='ocr_line' id='line_1_15' title="bbox 268 2233 989 2352; baseline -0.006 -46"><span class='ocrx_word' id='word_1_96' title='bbox 268 2253 314 2306; x_wconf 82' lang='lat' dir='ltr'><strong>us</strong></span> <span class='ocrx_word' id='word_1_97' title='bbox 340 2233 596 2352; x_wconf 70' lang='lat' dir='ltr'><strong>Iusrrruqrour</strong></span> <span class='ocrx_word' id='word_1_98' title='bbox 623 2233 852 2305; x_wconf 80' lang='lat' dir='ltr'><strong>Orrro1ouuu</strong></span> <span class='ocrx_word' id='word_1_99' title='bbox 877 2251 989 2304; x_wconf 78' lang='lat' dir='ltr'><strong>usar.</strong></span> 
     </span>
    </p>
   </div>
   <div class='ocr_carea' id='block_1_5' title="bbox 233 2406 1020 2536">
    <p class='ocr_par' dir='ltr' id='par_1_10' title="bbox 233 2406 1020 2536">
     <span class='ocr_line' id='line_1_16' title="bbox 233 2406 1020 2536; baseline -0.001 -25"><span class='ocrx_word' id='word_1_100' title='bbox 233 2446 431 2528; x_wconf 81' lang='lat' dir='ltr'><strong>Priscianus,</strong></span> <span class='ocrx_word' id='word_1_101' title='bbox 453 2441 509 2510; x_wconf 79' lang='lat' dir='ltr'><strong>lib.</strong></span> <span class='ocrx_word' id='word_1_102' title='bbox 531 2445 596 2525; x_wconf 90' lang='lat' dir='ltr'><strong>VI,</strong></span> <span class='ocrx_word' id='word_1_103' title='bbox 613 2435 776 2536; x_wconf 59' lang='lat' dir='ltr'><strong>paq.&#39;679</strong></span> <span class='ocrx_word' id='word_1_104' title='bbox 794 2406 869 2508; x_wconf 75' lang='lat' dir='ltr'><strong>edii.</strong></span> <span class='ocrx_word' id='word_1_105' title='bbox 889 2442 1020 2510; x_wconf 80' lang='lat' dir='ltr'><strong>Putsch.</strong></span> 
     </span>
    </p>
   </div>
   <div class='ocr_carea' id='block_1_6' title="bbox 102 2645 1150 2850">
    <p class='ocr_par' dir='ltr' id='par_1_11' title="bbox 102 2645 1150 2850">
     <span class='ocr_line' id='line_1_17' title="bbox 152 2645 1150 2741; baseline 0 -25"><span class='ocrx_word' id='word_1_106' title='bbox 152 2648 253 2736; x_wconf 92' lang='lat' dir='ltr'><strong>Quod</strong></span> <span class='ocrx_word' id='word_1_107' title='bbox 267 2667 379 2716; x_wconf 89' lang='lat' dir='ltr'><strong>tamen</strong></span> <span class='ocrx_word' id='word_1_108' title='bbox 394 2647 590 2740; x_wconf 88' lang='lat' dir='ltr'><strong>comprobat</strong></span> <span class='ocrx_word' id='word_1_109' title='bbox 603 2648 703 2712; x_wconf 88' lang='lat' dir='ltr'><strong>etiam</strong></span> <span class='ocrx_word' id='word_1_110' title='bbox 717 2648 913 2730; x_wconf 86' lang='lat' dir='ltr'><strong>Suetonius,</strong></span> <span class='ocrx_word' id='word_1_111' title='bbox 927 2645 1077 2716; x_wconf 86' lang='lat' dir='ltr'><strong>diversos</strong></span> <span class='ocrx_word' id='word_1_112' title='bbox 1093 2671 1150 2741; x_wconf 89' lang='lat' dir='ltr'><strong>po·</strong></span> 
     </span>
     <span class='ocr_line' id='line_1_18' title="bbox 102 2755 1056 2850; baseline -0.007 -22"><span class='ocrx_word' id='word_1_113' title='bbox 102 2783 195 2828; x_wconf 90' lang='lat' dir='ltr'><strong>nens</strong></span> <span class='ocrx_word' id='word_1_114' title='bbox 207 2781 288 2827; x_wconf 88' lang='lat' dir='ltr'><strong>usus</strong></span> <span class='ocrx_word' id='word_1_115' title='bbox 301 2759 335 2824; x_wconf 91' lang='lat' dir='ltr'><strong>in</strong></span> <span class='ocrx_word' id='word_1_116' title='bbox 347 2755 451 2840; x_wconf 90' lang='lat' dir='ltr'><strong>libro,</strong></span> <span class='ocrx_word' id='word_1_117' title='bbox 467 2757 525 2850; x_wconf 93' lang='lat' dir='ltr'><strong>qui</strong></span> <span class='ocrx_word' id='word_1_118' title='bbox 537 2771 588 2822; x_wconf 88' lang='lat' dir='ltr'><strong>est</strong></span> <span class='ocrx_word' id='word_1_119' title='bbox 599 2755 637 2820; x_wconf 86' lang='lat' dir='ltr'><strong>de</strong></span> <span class='ocrx_word' id='word_1_120' title='bbox 650 2757 854 2821; x_wconf 84' lang='lat' dir='ltr'><strong>Institutione</strong></span> <span class='ocrx_word' id='word_1_121' title='bbox 865 2755 1056 2848; x_wconf 78' lang='lat' dir='ltr'><strong>officiorum.</strong></span> 
     </span>
    </p>
   </div>
   <div class='ocr_carea' id='block_1_7' title="bbox 104 3021 1151 3226">
    <p class='ocr_par' dir='ltr' id='par_1_12' title="bbox 104 3021 1151 3226">
     <span class='ocr_line' id='line_1_19' title="bbox 104 3021 1151 3104; baseline -0.005 -10"><span class='ocrx_word' id='word_1_122' title='bbox 104 3026 287 3094; x_wconf 74' lang='lat' dir='ltr'><strong>Chronicon</strong></span> <span class='ocrx_word' id='word_1_123' title='bbox 311 3023 482 3104; x_wconf 69' lang='lat' dir='ltr'><strong>paschate,</strong></span> <span class='ocrx_word' id='word_1_124' title='bbox 509 3026 674 3092; x_wconf 85' lang='lat' dir='ltr'><strong>Fastorum</strong></span> <span class='ocrx_word' id='word_1_125' title='bbox 703 3021 881 3093; x_wconf 82' lang='lat' dir='ltr'><strong>Siouiomm</strong></span> <span class='ocrx_word' id='word_1_126' title='bbox 906 3035 998 3088; x_wconf 84' lang='lat' dir='ltr'><strong>antea</strong></span> <span class='ocrx_word' id='word_1_127' title='bbox 1027 3027 1151 3090; x_wconf 82' lang='lat' dir='ltr'><strong>nomine</strong></span> 
     </span>
     <span class='ocr_line' id='line_1_20' title="bbox 155 3132 1150 3226; baseline -0.002 -26"><span class='ocrx_word' id='word_1_128' title='bbox 155 3137 363 3224; x_wconf 76' lang='lat' dir='ltr'><strong>insiqnitum,</strong></span> <span class='ocrx_word' id='word_1_129' title='bbox 380 3135 424 3200; x_wconf 84' lang='lat' dir='ltr'><strong>ad</strong></span> <span class='ocrx_word' id='word_1_130' title='bbox 435 3133 651 3226; x_wconf 80' lang='lat' dir='ltr'><strong>Olympiadem</strong></span> <span class='ocrx_word' id='word_1_131' title='bbox 667 3132 777 3203; x_wconf 87' lang='lat' dir='ltr'><em>XVII</em></span> <span class='ocrx_word' id='word_1_132' title='bbox 789 3135 878 3225; x_wconf 78' lang='lat' dir='ltr'><strong>(paq.</strong></span> <span class='ocrx_word' id='word_1_133' title='bbox 901 3133 1051 3222; x_wconf 76' lang='lat' dir='ltr'><strong>117edtt.</strong></span> <span class='ocrx_word' id='word_1_134' title='bbox 1068 3135 1150 3198; x_wconf 82' lang='lat' dir='ltr'><strong>Con·</strong></span> 
     </span>
    </p>
   </div>
   <div class='ocr_carea' id='block_1_8' title="bbox 152 3249 288 3338">
    <p class='ocr_par' dir='ltr' id='par_1_13' title="bbox 152 3249 288 3338">
     <span class='ocr_line' id='line_1_21' title="bbox 152 3249 288 3338; baseline 0.007 -28"><span class='ocrx_word' id='word_1_135' title='bbox 152 3249 288 3338; x_wconf 74' lang='lat' dir='ltr'><strong>qionoe).</strong></span> 
     </span>
    </p>
   </div>
   <div class='ocr_carea' id='block_1_9' title="bbox 105 3423 1261 4286">
    <p class='ocr_par' dir='ltr' id='par_1_14' title="bbox 105 3423 1261 4286">
     <span class='ocr_line' id='line_1_22' title="bbox 162 3423 1151 3540; baseline 0 -24"><span class='ocrx_word' id='word_1_136' title='bbox 162 3436 294 3528; x_wconf 76' lang='grc' dir='ltr'>Οὗτος</span> <span class='ocrx_word' id='word_1_137' title='bbox 307 3423 527 3539; x_wconf 73' lang='grc' dir='ltr'>Νούμμάς,</span> <span class='ocrx_word' id='word_1_138' title='bbox 543 3435 568 3518; x_wconf 86' lang='grc' dir='ltr'><strong>ὀ</strong></span> <span class='ocrx_word' id='word_1_139' title='bbox 582 3431 653 3516; x_wconf 80' lang='grc' dir='ltr'><strong>καὶ</strong></span> <span class='ocrx_word' id='word_1_140' title='bbox 666 3437 921 3540; x_wconf 50' lang='lat' dir='ltr'><strong>Hostilius,</strong></span> <span class='ocrx_word' id='word_1_141' title='bbox 937 3433 1151 3538; x_wconf 68' lang='grc' dir='ltr'>δεξάμενος</span> 
     </span>
     <span class='ocr_line' id='line_1_23' title="bbox 107 3559 1152 3676; baseline -0.003 -33"><span class='ocrx_word' id='word_1_142' title='bbox 107 3559 391 3676; x_wconf 81' lang='grc' dir='ltr'>πρεσβευτὰς</span> <span class='ocrx_word' id='word_1_143' title='bbox 376 3588 420 3638; x_wconf 77' lang='grc' dir='ltr'><strong>εκ</strong></span> <span class='ocrx_word' id='word_1_144' title='bbox 433 3561 503 3653; x_wconf 75' lang='grc' dir='ltr'><strong>τῆς</strong></span> <span class='ocrx_word' id='word_1_145' title='bbox 519 3561 652 3669; x_wconf 73' lang='grc' dir='ltr'>χώρας</span> <span class='ocrx_word' id='word_1_146' title='bbox 670 3568 741 3642; x_wconf 75' lang='grc' dir='ltr'><strong>τῶν</strong></span> <span class='ocrx_word' id='word_1_147' title='bbox 763 3559 977 3664; x_wconf 78' lang='grc' dir='ltr'>λεγομένων</span> <span class='ocrx_word' id='word_1_148' title='bbox 999 3568 1152 3640; x_wconf 76' lang='grc' dir='ltr'><strong>Πελασ-</strong></span> 
     </span>
     <span class='ocr_line' id='line_1_24' title="bbox 105 3681 1154 3792; baseline 0.001 -28"><span class='ocrx_word' id='word_1_149' title='bbox 105 3695 203 3790; x_wconf 79' lang='grc' dir='ltr'><strong>γῶν,</strong></span> <span class='ocrx_word' id='word_1_150' title='bbox 228 3681 456 3791; x_wconf 78' lang='grc' dir='ltr'>φορούντων</span> <span class='ocrx_word' id='word_1_151' title='bbox 472 3687 717 3788; x_wconf 64' lang='lat' dir='ltr'><strong>xiaur&#39;rdoc’</strong></span> <span class='ocrx_word' id='word_1_152' title='bbox 705 3687 877 3784; x_wconf 72' lang='grc' dir='ltr'>εχοὺσας</span> <span class='ocrx_word' id='word_1_153' title='bbox 894 3683 1074 3780; x_wconf 76' lang='grc' dir='ltr'>ταβλία</span> <span class='ocrx_word' id='word_1_154' title='bbox 1057 3687 1154 3792; x_wconf 82' lang='grc' dir='ltr'>ρού-</span> 
     </span>
     <span class='ocr_line' id='line_1_25' title="bbox 109 3795 1261 3914; baseline 0 -26"><span class='ocrx_word' id='word_1_155' title='bbox 109 3837 227 3904; x_wconf 79' lang='grc' dir='ltr'><strong>σαια,</strong></span> <span class='ocrx_word' id='word_1_156' title='bbox 247 3806 493 3914; x_wconf 71' lang='grc' dir='ltr'><strong>καθάπερ</strong></span> <span class='ocrx_word' id='word_1_157' title='bbox 453 3835 493 3886; x_wconf 83' lang='grc' dir='ltr'><strong>οι</strong></span> <span class='ocrx_word' id='word_1_158' title='bbox 514 3809 596 3890; x_wconf 81' lang='grc' dir='ltr'><strong>ἀπὸ</strong></span> <span class='ocrx_word' id='word_1_159' title='bbox 610 3811 679 3900; x_wconf 73' lang='lat' dir='ltr'><strong>tric</strong></span> <span class='ocrx_word' id='word_1_160' title='bbox 697 3795 891 3912; x_wconf 78' lang='grc' dir='ltr'>Ῐσαυρίας</span> <span class='ocrx_word' id='word_1_161' title='bbox 909 3808 1061 3912; x_wconf 75' lang='grc' dir='ltr'>χώρας,</span> <span class='ocrx_word' id='word_1_162' title='bbox 1081 3808 1152 3888; x_wconf 80' lang='grc' dir='ltr'><strong>καὶ</strong></span> <span class='ocrx_word' id='word_1_163' title='bbox 1260 3853 1261 3856; x_wconf 34' lang='grc'><em>“</em></span> 
     </span>
     <span class='ocr_line' id='line_1_26' title="bbox 107 3930 1150 4060; baseline 0 -50"><span class='ocrx_word' id='word_1_164' title='bbox 107 3931 293 4060; x_wconf 72' lang='grc' dir='ltr'><strong>τερφθεὶς</strong></span> <span class='ocrx_word' id='word_1_165' title='bbox 311 3936 387 4011; x_wconf 77' lang='grc' dir='ltr'><strong><em>τοὺ</em></strong></span> <span class='ocrx_word' id='word_1_166' title='bbox 406 3930 689 4035; x_wconf 76' lang='grc' dir='ltr'>σχῆμαματος</span> <span class='ocrx_word' id='word_1_167' title='bbox 717 3935 925 4019; x_wconf 78' lang='grc' dir='ltr'><em>ἐπενόησεν</em></span> <span class='ocrx_word' id='word_1_168' title='bbox 943 3942 1095 4036; x_wconf 77' lang='grc' dir='ltr'>πρῶτος</span> <span class='ocrx_word' id='word_1_169' title='bbox 1111 3933 1150 4010; x_wconf 81' lang='grc' dir='ltr'><strong>ἓν</strong></span> 
     </span>
     <span class='ocr_line' id='line_1_27' title="bbox 111 4039 1151 4168; baseline -0.001 -33"><span class='ocrx_word' id='word_1_170' title='bbox 111 4039 234 4168; x_wconf 77' lang='grc' dir='ltr'>Ρώμῃ</span> <span class='ocrx_word' id='word_1_171' title='bbox 258 4054 470 4156; x_wconf 65' lang='grc' dir='ltr'><strong>χλαμύδας</strong></span> <span class='ocrx_word' id='word_1_172' title='bbox 495 4059 730 4163; x_wconf 70' lang='grc' dir='ltr'><strong>ψορείσθαι,</strong></span> <span class='ocrx_word' id='word_1_173' title='bbox 753 4055 826 4146; x_wconf 76' lang='grc' dir='ltr'><strong>τὰς</strong></span> <span class='ocrx_word' id='word_1_174' title='bbox 850 4053 918 4156; x_wconf 82' lang='grc' dir='ltr'><strong>μὲν</strong></span> <span class='ocrx_word' id='word_1_175' title='bbox 943 4053 1151 4150; x_wconf 75' lang='grc' dir='ltr'>βασιλικὰς</span> 
     </span>
     <span class='ocr_line' id='line_1_28' title="bbox 110 4173 1150 4286; baseline -0.002 -28"><span class='ocrx_word' id='word_1_176' title='bbox 110 4190 346 4286; x_wconf 73' lang='grc' dir='ltr'>πορφυρᾶς,</span> <span class='ocrx_word' id='word_1_177' title='bbox 375 4179 551 4278; x_wconf 73' lang='grc' dir='ltr'>ἐχούσας</span> <span class='ocrx_word' id='word_1_178' title='bbox 573 4180 721 4280; x_wconf 64' lang='lat' dir='ltr'><strong>sabito</strong></span> <span class='ocrx_word' id='word_1_179' title='bbox 743 4181 891 4286; x_wconf 76' lang='grc' dir='ltr'>χρυσᾶ,</span> <span class='ocrx_word' id='word_1_180' title='bbox 915 4173 989 4268; x_wconf 77' lang='grc' dir='ltr'><strong>τὰς</strong></span> <span class='ocrx_word' id='word_1_181' title='bbox 1013 4173 1055 4255; x_wconf 77' lang='lat' dir='ltr'><strong>di</strong></span> <span class='ocrx_word' id='word_1_182' title='bbox 1078 4181 1150 4257; x_wconf 79' lang='lat' dir='ltr'><strong>ror</strong></span> 
     </span>
    </p>
   </div>
   <div class='ocr_carea' id='block_1_10' title="bbox 0 0 1557 5146">
    <p class='ocr_par' dir='ltr' id='par_1_15' title="bbox 0 0 1557 5146">
     <span class='ocr_line' id='line_1_29' title="bbox 0 0 1557 5146; baseline 0 0"><span class='ocrx_word' id='word_1_183' title='bbox 0 0 1557 5146; x_wconf 95' lang='lat' dir='ltr'><strong> </strong></span> 
     </span>
    </p>
   </div>
  </div>
 </body>
</html>
