3048 5142
561 547 699 618 NERO.
1091 559 1154 624 233

1 695 2 706 ³
105 675 217 758 tido¹;
236 673 381 743 sufflavo
402 673 543 766 capillo,
564 674 662 743 vultu
680 669 824 769 pulchro
837 681 956 772 magis,
976 703 1076 774 quam
1098 705 1156 750 ve,-

1 807 2 810 ’
105 804 210 855 nusto
219 803 251 870 ²,
264 785 489 855 oculis'caesiis
503 801 538 853 et
550 785 795 869 hebetioribus,
809 791 939 856 cervice
950 787 1062 874 obesa,
1078 815 1156 860 ven-

104 913 157 964 tre
175 894 345 991 projecto,
367 895 559 991 grucillimis
577 895 749 979 omuibus,
768 895 960 966 valetudine
980 925 1154 994 prospera.

104 1011 206 1090 Nam,
220 1011 280 1102 qui
290 1007 432 1076 luxuriae
441 1004 765 1074 immoderatissimae
775 1019 873 1091 esset,
885 1023 936 1074 ter
945 1013 1083 1077 omnino
1095 1034 1156 1102 per

104 1118 367 1213 quatuordecim
383 1118 515 1186 annos3
528 1117 676 1210 languit,
691 1134 793 1213 atque
808 1121 870 1203 ita,
884 1136 923 1187 ut
936 1144 1047 1217 neque
1060 1123 1155 1207 vino,

104 1252 221 1324 neque
236 1226 481 1298 consuetudine
494 1227 626 1324 rehqua
635 1225 828 1296 abstineret.
844 1231 940 1298 Circa
955 1230 1085 1299 cultum
1097 1230 1156 1300 ha-

104 1341 289 1436 hitumque
304 1341 390 1410 odeo
408 1338 606 1434 pudendus,
629 1356 667 1408 ut
687 1363 819 1408 comam
832 1365 966 1435 semper
979 1345 1015 1410 in
1031 1341 1156 1435 gradus

7 1437 12 1446 ¹
103 1451 305 1536 formatam,
326 1454 592 1546 peregrinatione
609 1449 752 1519 Achaica
772 1453 872 1520 etiam
892 1475 982 1544 pone
997 1456 1157 1521 verticem

106 1563 335 1644 summiserit;
349 1586 389 1630 ac
402 1560 604 1656 plerumque
619 1559 850 1653 synthesinam
861 1560 1037 1646 indutum,
1051 1562 1155 1655 ligato

104 1674 239 1740 circum
257 1671 383 1740 collum
397 1671 547 1754 sudario,
565 1670 728 1766 prodierit
741 1672 777 1738 in
793 1669 979 1764 publicum,
997 1675 1069 1740 sine
1086 1676 1157 1740 cin-
1178 1725 1184 1734 .

105 1801 184 1868 ctu,
204 1801 240 1852 et
254 1782 478 1854 discalciatus.
630 1859 634 1867 ,

154 1897 232 1961 Lll.
257 1894 428 1962 Liherales
440 1893 633 1988 disciplinas
647 1918 765 1965 omnes
779 1898 849 1965 fere
862 1923 948 1991 puer
958 1898 1077 1988 attigit.
1093 1896 1158 1965 Sed

105 2027 129 2069 a
148 2003 367 2097 philosophia
385 2029 464 2073 eum
483 2023 591 2074 meter
613 2009 747 2091 avertit,
770 2031 930 2092 monens,
952 2009 1159 2100 imperaturo

106 2119 315 2186 contruriam
326 2135 419 2187 esse¹
431 2145 439 2185 ι
452 2121 673 2211 recognitione
687 2137 840 2188 veterum
853 2135 1025 2188 oratorum
1034 2123 1159 2188 Seneca

143 2323 186 2375 Ll.
203 2340 228 2374 r.
244 2325 390 2396 Etfoetido.
405 2325 444 2377 lte
460 2344 492 2378 ex
507 2324 613 2396 optimis
658 2324 845 2377 seminatorum
860 2341 891 2376 eo
906 2323 1025 2376 mollium
1036 2321 1106 2376 hano
1118 2342 1161 2380 ve·

106 2401 182 2456 MSS.
202 2402 328 2457 Oudend.
348 2417 375 2456 et
389 2403 513 2458 wolfius.
534 2403 613 2475 Vulg.
658 2419 725 2458 stem
737 2407 820 2458 fuisse
832 2417 949 2458 testatur.

100 2479 193 2551 fredo,
207 2481 284 2554 quod
302 2483 378 2534 nimis
393 2501 465 2554 vagae
481 2482 613 2552 signifiea-
693 2484 745 2538 Lll.
762 2503 785 2538 ι.
796 2485 921 2551 Monens,
933 2485 1090 2559 imperaturo
1099 2503 1172 2538 con·—

106 2564 190 2616 tiouie
201 2582 276 2629 esse,
289 2562 369 2616 iidem
376 2565 433 2632 jam
442 2575 613 2616 monuerunt.
659 2565 767 2616 trariam
777 2583 835 2617 este.
848 2565 979 2629 Bronton,
989 2564 1064 2618 Estai
1072 2580 1117 2616 sur
1125 2560 1162 2616 let

106 2642 304 2697 Plauuitetiam
315 2643 446 2698 Ernestio.
659 2641 1159 2716 riqnesdeClaudeetdeNdmn,§116:

145 2750 170 2786 η,
191 2733 277 2787 Vult„
288 2733 401 2808 pulchro
418 2735 516 2809 Μὴ,
532 2753 613 2807 quam
661 2720 702 2772 «ΙΙ
715 2740 742 2774 se
754 2722 844 2775 refusa
855 2717 1027 2774 entidrement
1038 2724 1054 2773 al
1065 2719 1161 2774 l’dtude

108 2825 223 2867 mrum.
232 2813 290 2866 Cic.
302 2813 335 2866 de
344 2814 423 2867 Offic,
436 2816 464 2880 1,
477 2814 526 2868 36:
543 2818 614 2868 ..v0-
661 2824 673 2848 ·
683 2802 715 2854 de
726 2802 750 2854 lo
761 2801 945 2876 philosophie,
955 2802 1057 2873 d'apres
1068 2802 1093 2854 le
1101 2821 1163 2856 eon·

108 2905 244 2946 nustetem
263 2891 414 2946 muliebrem
430 2893 518 2946 dicere
532 2893 614 2948 dehe-
662 2881 730 2934 tseil
742 2881 914 2956 d’hgrippine
927 2901 955 2936 sa
967 2884 1052 2948 mere,
1066 2885 1112 2955 qui
1123 2884 1162 2935 lui

108 2990 182 3035 ωας
197 2971 480 3043 dignitatemvirilem,
494 2971 615 3043 pulchri.
662 2961 814 3032 :persuade
827 2981 878 3034 qne
894 2975 962 3014 cette
979 2964 1082 3015 science
1098 2962 1163 3014 etait

107 3051 262 3105 tudinem
283 3049 456 3103 Pulchriludo
476 3051 556 3121 igitur
574 3065 614 3104 est

109 3131 138 3183 la
151 3132 257 3198 heautl,
276 3131 303 3184 la
318 3131 472 3208 rdqulan'tl,
492 3129 614 3203 l'expret-

108 3205 166 3266 siue
180 3213 224 3266 des
238 3213 325 3273 emim
344 3222 465 3264 venimus
484 3225 572 3264 autem
587 3211 615 3264 la

108 3292 271 3361 attentae,
282 3293 318 3346 les
326 3294 462 3368 aqrdment
470 3292 506 3344 du
515 3293 613 3367 visaque,

109 3399 583 3460 Etluprtenplmhelleonoorqoelabemtd,

110 3519 140 3556 ut
151 3505 337 3557 venustissime
349 3500 415 3554 dixit
427 3502 464 3553 Li
474 3501 614 3555 Fouruut.

145 3591 172 3643 3.
192 3591 246 3642 Per
257 3587 453 3661 quamordecim
464 3606 556 3641 annot.
566 3589 615 3640 Vi·

111 3669 144 3722 de
155 3686 241 3740 supra
251 3666 286 3720 ad
297 3687 357 3740 cap.
370 3666 413 3734 40.

145 3756 172 3823 i.
180 3756 221 3808 Ae
228 3755 386 3829 plenumque
392 3755 568 3826 synthesinam
579 3757 616 3808 in·

110 3835 206 3897 huet,-
227 3833 254 3886 h.
277 3854 300 3888 e.
324 3849 425 3887 vestem
447 3834 614 3886 cubitorium.

109 3917 163 3969 Alii
170 3915 305 3986 synthesim
310 3953 319 3983 ,
330 3913 404 3986 quod
413 3913 531 3966 defendit
538 3915 616 3967 etiam

111 3993 238 4050 scheller.
250 3997 278 4047 in
289 3995 400 4060 Lexico,
412 3994 553 4047 lectionem
566 3996 616 4050 Co-

111 4075 202 4127 dicum
216 4077 358 4146 flenuinam
373 4071 520 4128 rationibus
532 4074 616 4145 impu-

110 4173 211 4225 gnans,
225 4173 291 4226 quas
303 4171 352 4224 ego
367 4171 422 4206 non
438 4155 524 4225 capio.
538 4154 615 4206 Cete-

111 4254 171 4288 rum
182 4237 224 4290 Cf.
236 4234 337 4309 Xiphil.
347 4235 441 4302 Lxlss,
458 4235 502 4303 13,
513 4236 559 4307 qui
573 4237 614 4288 ef-

662 3040 797 3092 ·nuisihle
811 3043 827 3092 ὲ
840 3059 877 3092 un
893 3041 1048 3106 souverain,
1063 3039 1162 3092 c'estd·

662 3141 673 3166 ι
683 3117 753 3184 dire,
765 3121 778 3171 i
788 3136 825 3171 un
837 3132 925 3191 tyram
935 3139 980 3172 ear
989 3117 1074 3172 c'eteit
1084 3117 1109 3170 la
1118 3137 1163 3171 ra·

662 3220 673 3245 ι
683 3197 741 3250 leur
748 3197 784 3248 du
793 3211 849 3250 mot
856 3197 923 3250 dans
931 3198 956 3249 la
966 3197 1072 3250 bouche
1082 3197 1162 3252 d'une

662 3278 780 3330 sfemme
799 3278 871 3330 aussi
887 3279 1055 3349 imperieuse.
1074 3280 1160 3347 Quoi!

662 3355 740 3409 «l’ert
751 3357 785 3410 de
797 3357 918 3410 moderor
927 3376 969 3410 ses
981 3360 1117 3431 passione,
1129 3357 1162 3412 de

662 3441 822 3492 «connaiue
840 3458 882 3492 ses
901 3439 1005 3494 devoirs
1023 3453 1051 3493 et
1071 3439 1104 3494 de
1123 3437 1163 3494 let

662 3539 674 3565 ι
684 3518 804 3588 templu,
816 3517 946 3572 d'exereer
957 3517 983 3572 la
993 3518 1127 3572 elimenes
1137 3532 1164 3571 et

662 3597 708 3650 «la
717 3600 828 3670 justice,
839 3597 872 3651 de
882 3601 1019 3652 connaitre
1031 3597 1068 3651 les
1078 3599 1163 3652 vraies

664 3676 781 3732 «limites
797 3676 830 3730 de
846 3697 895 3730 son
907 3681 1031 3750 pouroir‚
1049 3678 1087 3730 les
1100 3679 1163 3749 pre-

663 3777 675 3801 ·
685 3757 816 3826 rogatires
830 3755 1002 3812 inalienahles
1020 3757 1054 3810 de
1067 3755 1163 3809 l'hom-

663 3856 743 3901 ·me‚
762 3837 796 3890 de
817 3837 855 3891 les
877 3852 1024 3910 respecter;
1045 3851 1086 3892 eet
1105 3850 1162 3904 art,

664 3915 781 3987 dis-je,
796 3930 836 3970 est
850 3917 965 3970 nuisihle
981 3920 997 3969 i
1012 3935 1049 3969 un
1067 3934 1165 3968 souve-

664 3997 759 4063 qain,
778 4011 804 4049 et
820 3997 838 4049 il
858 4016 890 4050 ne
910 3997 967 4050 doit
985 3998 1062 4069 point
1075 4007 1164 4047 entrer

664 4075 752 4130 edens
766 4076 791 4129 le
804 4077 868 4149 plan
880 4077 914 4130 de
926 4075 1085 4130 l’tducation
1099 4074 1162 4127 d'un

663 4160 796 4230 «princel
816 4158 854 4210 Ce
873 4157 974 4212 conseil
992 4155 1164 4227 d'Agrippine

663 4260 675 4284 ι
686 4250 725 4290 est
736 4236 867 4309 coluique
878 4235 1030 4289 donneront
1041 4237 1164 4329 toujourp
