3066 5148
379 422 423 500 4ο
753 418 789 482 C.
815 418 1049 485 SUETONII

377 569 484 640 quum
499 568 534 612 se
550 547 765 612 innocentem
782 545 1042 639 proclamasset,
1060 543 1210 632 reduxit,
1228 547 1428 641 abscisaque

375 653 510 748 lingua,
524 675 642 722 rursus
654 651 796 722 induxit.

420 768 574 833 XXVIII.
595 770 800 832 Revocatum
821 764 993 861 quendam
1008 792 1029 834 a
1043 783 1157 836 vetere
1175 767 1296 836 exsilio
1318 770 1426 836 scisci·

375 890 481 960 tatus,
494 874 656 971 quidnam
668 874 714 942 ibi
725 876 835 946 facere
847 893 1058 962 consuesset,
1072 877 1304 972 respondente
1316 902 1357 945 co
1367 901 1426 972 per

375 985 620 1071 adulationem,
638 989 751 1054 «Deos
764 1009 898 1078 semper·
908 990 1018 1072 oravi,
1030 1004 1082 1073 ut,
1096 987 1189 1084 quod
1202 991 1334 1071 evenit,
1346 991 1426 1082 peri·

374 1114 427 1167 ret
438 1097 612 1182 Tiberius,
628 1113 662 1168 et
674 1114 712 1167 tu
725 1101 953 1191 imperarem»
972 1103 1132 1194 opinans,
1147 1101 1210 1170 sibi
1223 1124 1363 1198 quoque
1375 1124 1426 1167 ex·

375 1209 467 1280 sulas
487 1235 567 1280 suos
583 1227 728 1280 mortem
743 1213 939 1305 imprecari,
958 1215 1049 1280 misit
1062 1215 1189 1281 circum
1201 1213 1352 1295 insulas,
1371 1214 1426 1306 qui

373 1325 550 1392 universos
575 1321 881 1393 contrucidarenu.
906 1328 1020 1410 Quum
1042 1325 1186 1420 discerpi
1211 1331 1425 1396 ²Senatorem

374 1437 607 1528 concupisset,
627 1434 842 1524 subornavit,
861 1438 919 1530 qui
936 1434 1180 1528 ingredientem
1197 1439 1356 1518 Curiam,
1375 1457 1424 1501 re-

373 1559 476 1638 pente
499 1544 630 1613 hostem
653 1543 830 1638 publicum
849 1544 1078 1640 appellantes,
1104 1544 1326 1628 invaderent,
1353 1568 1424 1638 gra-

373 1653 550 1750 phiisque³
567 1655 780 1738 confossum,
797 1653 1015 1725 lacerandum
1026 1659 1145 1725 ceteris
1157 1657 1344 1734 traderent.
1361 1659 1425 1722 Nec

374 1781 453 1833 ante
464 1767 602 1833 satiatus
615 1780 681 1847 est,
698 1789 802 1860 quam
815 1764 967 1832 membra
979 1782 1013 1833 et
1025 1783 1117 1835 artus
1130 1783 1164 1834 et
1174 1770 1309 1835 viscera
1321 1763 1424 1834 homi·

374 1877 427 1942 nis
440 1888 545 1941 tracta
555 1898 618 1966 per
630 1875 723 1941 vicos
733 1927 742 1958 ,
753 1890 854 1970 atque
868 1889 946 1942 ante
958 1898 995 1943 se
1006 1894 1164 1968 congesta
1176 1875 1328 1944 vidisset.

419 1989 540 2054 XXIX.
566 1986 811 2052 Immanissima
833 1984 921 2052 facta
944 1986 1088 2079 augebat
1109 1990 1287 2056 atrocitate
1308 1984 1424 2055 verbo·

373 2121 463 2165 rum.
482 2128 495 2158 ιι
507 2094 597 2164 Nihil
607 2099 713 2190 magis
725 2098 760 2164 in
774 2112 897 2163 natura
910 2119 973 2164 sua
981 2096 1119 2166 laudare
1131 2122 1167 2166 se
1177 2123 1220 2166 ac
1231 2099 1420 2192 probare,»

373 2207 524 2292 dicebat,
553 2232 727 2304 «quam,·
755 2223 793 2275 ut
813 2210 919 2301 ipsius
939 2208 1042 2278 verbo
1066 2227 1157 2296 utar,
1183 2223 1421 2306 «armaturae

375 2321 528 2390 Monenti
541 2319 694 2387 An'toniae
708 2321 811 2403 aviae,
831 2335 993 2414 tanquam
1011 2346 1130 2414 parum
1150 2343 1242 2390 esset
1258 2348 1329 2391 non
1348 2319 1423 2390 obe·

375 2431 465 2514 dire,
483 2433 697 2511 «Memento,
714 2432 778 2514 ait,
797 2431 911 2496 omnia
925 2429 1008 2498 mihi
1024 2449 1058 2499 et
1073 2433 1108 2498 in
1123 2441 1264 2501 omnes²
1282 2433 1418 2501 licere.»

373 2539 618 2611 Trucidaturus
637 2540 794 2624 fratrem,
816 2528 918 2636 quem
936 2557 1028 2610 metu
1047 2565 1261 2613 venenorum
1278 2564 1422 2637 praemu·

409 2784 527 2837 XXVIII.
541 2783 684 2838 ruisti...
695 2785 741 2858 qui
748 2787 878 2840 uniuersos
956 2787 1051 2839 xxix.
1073 2805 1096 2841 r.
1108 2786 1288 2858 ’Λθιασμῌιν
1303 2783 1420 2839 immoli-

372 2863 591 2920 contractumnc.
613 2866 693 2917 Conf.
712 2866 781 2934 Dio,
798 2869 876 2934 LIX,
921 2863 1022 2918 litatem
1042 2867 1146 2933 animi,
1167 2887 1223 2935 qno
1240 2865 1374 2921 vocabulo
1390 2859 1422 2913 de

377 2947 418 2999 18.
433 2941 509 2994 Philo
524 2942 875 3010 etiam,in1·'laccum,anb
920 2943 1070 2998 Stoicorum
1093 2945 1244 3015 ἐνιισθισίᾳ
1269 2949 1353 2998 utitur
1374 2942 1423 2994 la-

371 3025 418 3078 fin.
429 3038 455 3077 et
464 3024 526 3094 Lag.
536 3020 571 3073 ad
581 3021 687 3087 Caium,
698 3022 796 3075 cedem
803 3023 877 3076 illam
921 3035 1002 3075 etant.
1014 3025 1065 3088 Vl,
1079 3021 1118 3094 ¹¹7.
1130 3024 1271 3077 Laudabat
1279 3025 1357 3076 Caius
1367 3037 1421 3072 earn

373 3103 492 3157 exsulum
511 3119 526 3152 a
545 3102 610 3154 Caio
625 3102 723 3154 factam
738 3115 875 3155 memorat.
921 3103 1003 3154 animi
1027 3101 1199 3171 firmitatem,
1229 3121 1284 3176 qua
1311 3099 1422 3154 immotis

371 3185 439 3236 Rem
458 3181 579 3252 indigitat
597 3182 690 3235 Senec.
712 3182 820 3234 Consol.
842 3182 877 3235 ad
922 3180 1006 3234 oculis
1026 3183 1210 3234 cruentissima
1234 3179 1422 3254 suppliciorum

372 3262 466 3335 Polyb.
482 3277 541 3331 cap.
556 3259 589 3312 32
606 3281 612 3311 t
633 3259 801 3314 «Clementia
814 3275 876 3330 tua,
922 3262 1072 3332 spectacula
1080 3262 1217 3336 adspicere
1223 3276 1337 3336 poterat.
1348 3255 1422 3313 Haud

374 3345 477 3408 cesar,
494 3340 590 3404 efficit,
608 3353 637 3391 ut
654 3341 811 3410 quietiorem
826 3341 876 3394 sub
921 3343 1013 3412 inepta
1031 3355 1071 3393 est
1088 3341 1175 3414 glossa
1194 3341 1281 3394 codd.
1301 3355 1422 3413 quorum-

373 3437 402 3476 te
415 3432 494 3492 agant
505 3420 586 3470 ritem
600 3416 719 3485 exsules,
734 3438 813 3491 quam
827 3439 878 3472 nu·
922 3416 999 3484 dam,
1018 3417 1088 3470 ehoe
1101 3433 1154 3486 eet,
1169 3419 1420 3475 inverecundiam*

372 3505 423 3574 per
435 3499 485 3551 eub
497 3497 561 3550 Caio
574 3515 651 3568 egere
662 3499 804 3568 principes.
815 3499 877 3550 Non
922 3493 1097 3565 &seminudae
1115 3499 1186 3550 enim
1204 3517 1273 3570 saepe
1294 3512 1334 3550 est
1352 3491 1421 3546 aliti·

372 3579 525 3652 trepidant,
542 3593 592 3627 nec
607 3574 783 3646 persingulas
798 3576 877 3629 horas
923 3577 993 3628 σθω.
1015 3577 1082 3631 Vide
1103 3579 1216 3632 Casauh.
1237 3578 1270 3632 ad
1291 3578 1361 3630 hunc
1380 3575 1420 3627 lc·

373 3657 493 3731 gladium
499 3666 663 3726 exspectant,
671 3673 721 3707 nec
728 3653 764 3706 ad
771 3674 877 3708 omnem
922 3675 1000 3724 cum,
1012 3671 1038 3709 et
1050 3657 1085 3709 cf.
1100 3658 1165 3725 Dio,
1179 3659 1252 3725 LIX,
1268 3675 1307 3710 ιο.

375 3740 484 3793 nauium
494 3747 669 3806 conspectum
678 3747 784 3806 pavent.
796 3759 807 3782 ι
929 3771 931 3776 -
959 3753 984 3788 a.
1002 3737 1040 3787 Et
1050 3738 1079 3788 in
1089 3755 1184 3790 omnes.
1200 3740 1238 3790 Ita
1249 3750 1309 3807 cum
1321 3735 1418 3787 Ernest-

408 3834 432 3870 α.
444 3815 529 3885 Quum
536 3813 645 3884 discerpi
651 3811 816 3879 Settatorem,
825 3827 876 3866 etc.
905 3869 909 3878 ,
923 3829 950 3869 et
961 3815 1136 3890 Oudendorp.
1151 3817 1293 3872 edidimus.
1308 3817 1384 3886 Vulg.
1397 3823 1421 3866 el

374 3895 544 3952 Scribonium
564 3892 707 3946 Proculum
725 3892 790 3946 dicit
807 3897 878 3963 Dio,
924 3896 1034 3948 bomini.
1052 3897 1190 3969 Reliquam
1204 3898 1326 3951 lectionis
1340 3897 1420 3948 varie·

375 3975 450 4040 LIX,
466 3972 516 4040 26,
529 3971 577 4025 ubi
589 3970 656 4024 ride.
923 3987 1005 4027 tatem
1021 3977 1191 4051 virorumque
1203 3977 1344 4031 doctorum
1361 3992 1421 4027 con·

412 4055 438 4107 3.
460 4053 590 4126 Graphiis.
604 4050 673 4106 Vide
689 4066 745 4105 not.
763 4051 797 4105 ad
813 4053 876 4107 Ces.
920 4056 1038 4124 jecturas
1057 4055 1117 4110 ride
1135 4055 1208 4130 apud
1231 4059 1370 4110 Burmann.
1396 4064 1421 4103 et

377 4153 436 4206 cap.
453 4134 495 4186 82.
924 4133 1099 4208 Oudendorp.
