3066 5148
405 547 447 626 44
685 525 688 532 ’
778 545 814 608 o.
841 542 1074 614 sunrourr

403 668 585 753 videretur,
603 685 820 740 cunctantem
838 669 979 763 flagellis
992 670 1143 752 discidit,
1162 667 1360 736 collaudans
1377 667 1448 735 sub

404 779 483 847 inde
496 803 613 849 vocem
631 778 861 874 deprecantis,
882 785 978 875 quasi
997 783 1098 848 etiam
1115 782 1149 848 iu
1169 782 1298 873 gemitu
1310 775 1448 871 praedul·

403 915 488 960 cem.
508 895 647 978 Quoties
666 893 782 967 uxoris
800 890 854 959 vel
875 890 1029 959 amioulae
1048 888 1175 959 collum
1192 888 1447 968 exoscularetur,

403 999 567 1085 addebat,
590 1007 701 1070 «Tam
716 1000 808 1069 bona
821 1004 952 1084 cervix,
969 999 1127 1069 simulac
1140 997 1294 1092 jussero,
1311 996 1447 1065 demeto

319 1149 323 1158 ,
403 1120 518 1179 turta
540 1114 630 1199 Quin
650 1129 684 1179 et
702 1110 844 1180 subinde
863 1109 1028 1206 jactabat,
1054 1112 1329 1205 “exquisiturum
1347 1131 1382 1175 se
1399 1105 1447 1174 vel

402 1219 545 1290 fidiculis
557 1222 600 1291 de
612 1226 764 1291 Caesonia
778 1248 857 1306 sua,
872 1247 934 1291 cur
945 1248 1021 1291 eam
1034 1239 1128 1290 tanto
1142 1245 1245 1314 opere
1259 1219 1419 1312 diligeret.
1432 1249 1443 1277 υ

449 1337 598 1402 XXXIV.
624 1339 693 1402 Nec
710 1337 839 1402 minore
858 1334 963 1418 livore
978 1359 1018 1402 ac
1035 1333 1260 1429 malignitate,
1282 1355 1384 1425 quam
1401 1355 1446 1398 su·

401 1443 517 1536 perbia
536 1446 748 1540 saevitiaque,
768 1469 866 1538 paene
886 1443 1048 1514 adversus
1067 1447 1176 1512 omnis
1196 1446 1260 1511 aevi
1278 1441 1446 1510 bominum

402 1565 526 1647 genus¹
544 1572 713 1647 grassatus
728 1572 787 1623 est.
804 1559 935 1624 Statuas
951 1557 1103 1623 virorum
1119 1553 1322 1635 illustrium,
1336 1549 1378 1619 ab
1392 1556 1446 1616 Au·

402 1681 501 1758 gusto
523 1690 565 1733 ex
581 1664 768 1758 Capitolina
787 1691 866 1734 aren
886 1682 1025 1760 propter
1045 1667 1217 1758 angustias
1238 1665 1273 1730 in
1294 1663 1445 1730 Martium

402 1799 560 1869 campum
574 1775 730 1859 collatas,
749 1778 795 1845 ita
812 1776 977 1844 subvertit
991 1793 1093 1871 atque
1107 1773 1256 1869 disjecit,
1271 1788 1312 1841 ut
1325 1772 1445 1839 restitui

402 1885 501 1954 salvis
511 1885 616 1955 titulis
627 1910 697 1955 non
708 1891 899 1980 potuerint²
910 1916 917 1956 :
929 1891 1102 1984 vetuitque
1114 1886 1258 1979 posthac
1269 1885 1445 1953 viventium

402 2000 559 2093 cuiquam
571 2020 715 2092 usquam
729 2013 874 2066 statuam
886 2016 945 2067 aut
955 2002 1155 2091 imaginem,
1170 1999 1235 2064 nisi
1249 2020 1288 2065 se
1300 1992 1446 2063 consulto

401 2124 435 2178 et
445 2124 598 2192 auctore,
611 2106 723 2201 poni³.
744 2113 908 2202 Cogitavit
921 2115 1024 2177 etiam
1036 2109 1081 2177 de
1092 2111 1229 2176 Homeri
1245 2104 1444 2176 carminibus

399 2217 592 2301 abolendis3
610 2224 703 2287 «Cur
715 2221 805 2288 enim
817 2220 881 2288 sibi
893 2244 962 2288 non
974 2220 1091 2305 licere,
1104 2218 1259 2301 dicensl,
1278 2214 1369 2313 quod
1380 2214 1444 2282 Pla-

398 2332 471 2398 toni
482 2330 646 2412 licuisset,
658 2333 719 2426 qui
730 2334 999 2416 eumecivitate,
1015 2357 1118 2428 quam
1130 2329 1371 2412 constituebat,
1383 2323 1443 2419 eje-

400 2443 523 2508 serite»
538 2440 602 2508 Sed
612 2456 645 2508 et
654 2442 783 2534 Virgilii
792 2467 831 2509 ac
840 2445 908 2512 Titi
917 2443 1000 2510 Livii
1011 2445 1134 2536 scripta
1142 2457 1177 2509 et
1184 2441 1366 2532 imagines,
1376 2459 1446 2530 pau·

399 2551 470 2622 lum
485 2551 607 2633 abfuit,
620 2555 702 2646 quin
715 2577 756 2620 ex
767 2553 925 2622 omnibus
937 2552 1145 2622 bibliothecis
1157 2568 1333 2622 amoveret
1346 2577 1353 2617 :
1369 2571 1445 2644 quo·

397 2797 594 2862 decolorabant,
606 2798 687 2868 quiin
697 2797 799 2852 deliciis
810 2801 834 2852 ei
843 2800 901 2854 fue·
984 2819 1008 2854 a.
1023 2801 1086 2853 Non
1097 2801 1240 2873 ponoennt.
1252 2798 1298 2851 Al.
1310 2794 1444 2858 valuerint,

398 2892 448 2932 rat.
458 2879 537 2930 Conf.
547 2877 730 2944 Di0,L1X‚5.
741 2877 849 2949 Apelles
858 2879 902 2932 bic
948 2879 1021 2952 quod
1038 2879 1072 2932 de
1089 2877 1218 2944 homine,
1240 2888 1289 2930 aut
1307 2877 1339 2929 iis
1356 2873 1443 2935 rebus,

398 2972 454 3024 est,
469 2975 547 3030 quem
561 2968 676 3008 veterem
691 2957 902 3010 Ascalonitarom
947 2959 1044 3033 quibus
1063 2958 1159 3028 agendi
1176 2956 1217 3009 vel
1236 2953 1380 3028 praestandi
1400 2950 1443 3004 uli·

397 3035 574 3108 ergaJudaeos
583 3033 743 3087 simultatem
754 3039 902 3090 exercuisse
948 3039 1012 3111 quid
1021 3038 1149 3104 facultas,
1161 3039 1239 3089 unice
1247 3028 1314 3102 dici,
1324 3039 1381 3106 jore
1390 3048 1444 3084 con·

397 3116 462 3169 dicit
476 3113 669 3168 intensissimus
680 3111 719 3167 illi
731 3113 823 3183 Philo,
839 3117 900 3187 Leg
946 3119 1060 3172 tendunt
1072 3122 1213 3170 burmann.
1228 3131 1254 3170 et
1266 3113 1388 3171 Oudend.
1400 3111 1444 3163 nisi

399 3195 435 3248 ad
446 3196 547 3248 Caium.
948 3201 1007 3272 quis
1021 3217 1082 3250 cum
1096 3198 1209 3249 Mulloro
1224 3197 1313 3267 legere
1328 3193 1397 3246 malit
1409 3207 1444 3242 re·

379 3287 382 3300 ⁴
435 3294 459 3328 a.
478 3275 635 3327 Demetetur.
650 3275 689 3326 lta
702 3272 819 3327 reddidit
831 3274 902 3328 Grae-
946 3279 1049 3332 stiooere
1070 3276 1219 3344 valuerint,
1240 3275 1298 3328 scil.
1320 3274 1442 3325 homines.

398 3356 474 3418 vius,
488 3372 536 3424 pro
550 3350 621 3424 vulg.
634 3354 759 3406 demetur.
947 3359 1034 3410 Antea
1042 3358 1093 3409 suis
1102 3376 1151 3428 pro
1162 3354 1239 3410 salvis
1249 3354 1319 3407 male
1330 3369 1443 3405 correxe-

432 3433 551 3483 XXXJV.
577 3447 597 3482 ι.
617 3430 743 3484 Adversus
757 3432 841 3487 omnis
854 3435 903 3485 oeoi
947 3453 1010 3491 runt
1021 3441 1144 3490 Tor-rent.
1158 3451 1184 3490 et
1198 3439 1312 3508 Lipsius.

399 3514 536 3566 hominum
542 3528 633 3583 genus.
642 3512 683 3563 lta
693 3531 724 3564 ex
734 3513 841 3566 Merum,
852 3514 903 3566 edi·
983 3520 1008 3573 3.
1030 3519 1210 3591 Vetuitque.,..
1219 3519 1295 3589 poni.
1309 3515 1444 3584 Comparat

397 3593 436 3645 dit
445 3589 620 3661 Oudendorp.
631 3591 748 3662 probans
755 3592 848 3645 Graevii
856 3593 903 3646 ele·
947 3597 1060 3650 Casaub.
1078 3595 1181 3648 Claudii
1194 3595 1227 3647 de
1245 3615 1273 3647 re
1289 3593 1380 3646 endem
1392 3587 1443 3642 edi-

397 3685 505 3746 gantem
524 3671 724 3740 conjecturam,
747 3671 901 3726 «adversus
947 3688 1035 3744 ctum,
1052 3674 1126 3749 quod
1142 3674 1221 3727 affert
1236 3675 1305 3739 Dio,
1324 3671 1386 3736 LX,
1399 3669 1443 3731 25,

397 3769 474 3804 omne
484 3751 569 3802 omnis
580 3748 775 3801 aevibomiuum
784 3769 898 3820 genus.»
947 3758 994 3809 ubi
1010 3758 1114 3809 Fabric.
1132 3755 1224 3808 laudat
1239 3752 1395 3823 Erigelium,
1412 3747 1443 3800 de

396 3831 440 3883 ΔΙ.
451 3831 569 3883 adversus
577 3847 655 3881 corne
662 3849 745 3903 genos
755 3830 903 3901 bominum,
947 3835 1045 3888 Statuis
1054 3838 1248 3897 Romanorum,
1259 3853 1318 3903 cap.
1334 3849 1376 3896 ro,
1385 3846 1443 3900 pag.

397 3908 444 3962 ubi
462 3911 546 3963 omnis
557 3908 622 3974 oevi,
638 3908 713 3982 quod
724 3913 901 3964 necessarium
948 3932 980 3986 77
996 3934 1052 3986 seq.
1071 3918 1121 3966 Pro
1136 3915 1219 3987 poni,
1237 3911 1342 3964 Muller.
1358 3907 1445 3962 suadet

397 3989 432 4043 ad
444 3988 560 4040 auctoris
574 3989 734 4055 consilium,
748 3986 818 4041 male
832 3988 901 4042 desi·
947 3994 1054 4065 reponi,
1067 3993 1194 4065 absorpto
1208 4010 1233 4043 re
1244 4010 1260 4044 a
1272 3988 1383 4062 praced.
1397 4005 1443 4038 au-

397 4071 514 4122 deretur.
529 4069 671 4122 Burmann.
684 4083 711 4122 et
722 4069 826 4122 Ernest.
839 4070 901 4122 red·
946 4083 1024 4126 ctore.

397 4147 523 4201 diderunt
546 4144 617 4218 vulg.
645 4146 794 4222 «adversus
816 4152 901 4202 omnis
983 4155 1008 4219 4.
1024 4153 1127 4206 Dicens.
1140 4154 1178 4204 lix
1192 4153 1308 4221 margine
1320 4151 1443 4200 intrusum

396 4229 445 4280 aevi
459 4225 611 4279 hominem
946 4230 1060 4285 videtur.
1074 4234 1115 4285 lta
1127 4233 1207 4284 etiam
1217 4226 1341 4283 Oudend.
1352 4225 1443 4279 erun.
