3048 5142
407 558 473 624 218
785 552 821 616 C.
848 552 1078 618 SUETONII

405 682 604 752 defunctum
621 701 657 746 sa
671 675 827 746 fatalibus
845 677 941 746 malis
959 676 1182 748 existimabat.
1196 682 1243 746 Ut
1257 701 1349 758 vero,
1360 703 1430 748 con·

406 793 495 862 sulto
505 789 643 885 Delphis
651 788 820 882 Apolline,
834 791 1118 883 septuagesimum
1126 812 1167 856 ac
1176 790 1310 858 tertium
1318 811 1432 858 aunum

405 904 593 973 cavendum
606 899 686 984 sibi,
698 900 841 983 audivit,
854 903 951 995 quasi
967 924 1008 968 ec
1021 899 1160 968 demum
1171 899 1334 985 obiturus,
1344 925 1379 968 ac
1388 904 1434 968 ni·

404 1014 453 1082 hil
471 1011 663 1108 conjectans
681 1010 724 1078 de
744 1025 842 1079 aetate
858 1009 989 1094 Galbae,
1009 1027 1101 1078 tanta
1120 1008 1242 1077 fiducia
1262 1033 1330 1077 non
1344 1010 1433 1081 modo

406 1141 591 1207 senectam,
607 1119 667 1191 sed
682 1124 781 1190 etiam
795 1136 994 1214 perpetuam
1010 1106 1284 1215 singularemque
1297 1123 1433 1214 concepit

403 1236 616 1319 felicitatem,
636 1249 695 1318 ut,
714 1235 845 1300 amissis
866 1231 1041 1324 nauliagio
1059 1233 1309 1326 pretiosissimis
1327 1231 1433 1316 rebus,

405 1374 474 1417 uon
487 1347 689 1416 dubitaverit
701 1348 789 1413 inter
803 1369 883 1413 suos
897 1343 1025 1426 dicere,
1040 1347 1171 1439 apisces
1183 1366 1240 1412 ecs
1253 1343 1318 1414 sibi
1328 1343 1436 1412 relstu·

404 1455 512 1526 ros⁶.»
524 1455 684 1548 Neapoli⁷
697 1454 740 1522 de
753 1469 848 1523 motu
859 1453 1044 1522 Galliarum
1053 1457 1211 1546 coguovit
1221 1453 1364 1547 dieipso,
1375 1479 1435 1549 quo

403 1584 546 1635 matrem
564 1562 768 1635 occiderat⁸:
791 1562 943 1658 adeoque
964 1563 1075 1632 lente⁹
1098 1589 1139 1632 ac
1157 1588 1275 1634 secure
1294 1563 1381 1648 tulit,
1402 1581 1434 1632 ut

403 1676 579 1771 gaudentis
601 1679 702 1745 etiam
720 1678 946 1768 suspicionem
966 1675 1149 1768 praeberet,
1171 1691 1335 1770 tanquam
1352 1697 1435 1743 occa·

310 1823 318 1830 ·
403 1792 497 1856 sione
524 1804 604 1857 nata
631 1787 885 1881 spoliandarum
909 1785 986 1880 jure
1010 1786 1091 1856 belli
1116 1786 1436 1880 opulentissimarum·

402 1903 698 1993 provinciarum¹⁰.
723 1903 907 1994 Statimque
929 1903 965 1967 in
988 1903 1203 1993 gymnasium
1224 1922 1434 1993 progressus,

402 2027 567 2079 certantes
597 2009 740 2078 athletas
765 2010 967 2079 effusissimo
996 2007 1108 2078 studio
1136 2012 1310 2103 spectavit.
1338 2013 1436 2076 (lene

402 2146 537 2218 quoque
558 2138 709 2214 tempore
730 2120 961 2214 interpellatus
985 2119 1303 2188 tumultuosioribus
1324 2118 1435 2198 literis,

402 2231 564 2300 hactenus
581 2231 777 2313 excanduit,
790 2246 830 2298 ut
843 2229 970 2298 malum
982 2233 1039 2311 iis,
1056 2233 1115 2325 qui
1130 2229 1329 2308 descissent,
1342 2231 1437 2296 mins·

402 2358 506 2410 retur.
532 2346 685 2438 Denique
706 2367 767 2434 per
789 2358 864 2410 octo
885 2344 1063 2410 continuos
1085 2340 1157 2409 dies
1178 2364 1247 2408 uon
1266 2339 1437 2408 rescribere

402 2457 576 2548 cuiquam,
589 2479 659 2521 non
670 2453 832 2520 mandare
844 2451 926 2549 quid
939 2469 999 2520 aut
1011 2455 1194 2546 praecipere
1206 2467 1362 2533 conatus,
1375 2473 1438 2516 rem

401 2563 534 2631 silentio
552 2563 752 2631 obliteravit.
772 2561 777 2572 ’

448 2677 533 2741 XLl.
550 2672 674 2741 Edictis
686 2671 823 2739 taudem
830 2671 978 2739 Vindicis
991 2670 1240 2739 contumeliosis
1251 2687 1285 2738 et
1295 2671 1438 2764 frequen·

401 2783 491 2852 tibus
505 2801 695 2875 permotus,
708 2786 868 2851 Senatum
881 2780 1021 2875 epistola
1032 2784 1068 2848 in
1080 2779 1242 2850 ultionem
1255 2783 1309 2850 sui
1322 2783 1439 2876 Reique

401 2895 546 2988 publicae
570 2894 768 2963 adhortatus
794 2909 860 2977 est,
889 2909 1047 2962 excusato
1074 2892 1236 2985 languore
1264 2893 1437 2973 ¹Faueium,

401 3023 540 3099 propter
563 3029 666 3100 quem
688 3029 758 3073 non
786 3003 928 3074 adesset.
956 3003 1045 3071 Nihil
1069 3019 1182 3072 autem
1205 3025 1302 3098 tuque
1325 2999 1437 3083 doluit,

399 3141 504 3212 quam
518 3135 557 3184 ut
569 3115 698 3184 malum
712 3139 748 3182 se
762 3113 1004 3182 citharoedum²
1024 3115 1240 3206 increpitum,
1259 3137 1300 3179 ac
1311 3137 1373 3205 pro
1384 3117 1439 3178 Ne

401 3247 483 3294 rone
495 3227 722 3295 AEuobarbum
735 3226 956 3320 appellatum.
971 3229 1013 3292 Et
1023 3247 1147 3292 nomeu
1159 3222 1296 3319 quidem
1309 3221 1438 3315 gentile,

400 3337 493 3430 quod
510 3337 573 3404 sibi
587 3362 648 3430 per
662 3334 899 3405 coutumeliam
917 3333 1196 3428 exprobraretur,
1217 3350 1440 3403 resumturum

400 3469 438 3513 se
456 3449 626 3540 professus
647 3465 712 3531 est,
729 3446 883 3541 deposito
902 3446 1073 3540 adoptivo.
1091 3451 1210 3513 Cetera
1223 3448 1393 3527 convicia,
1408 3459 1441 3510 ut

435 3618 462 3670 6.
480 3618 903 3691 Pisces...relaturos.Comparant
982 3635 1008 3687 9.
1027 3619 1151 3690 Adeoque
1171 3617 1258 3679 iente,·
1282 3615 1317 3669 sd
1343 3615 1442 3669 verbum

401 3697 901 3773 iabulsmdesunnlol’olycratisSamii,
947 3714 1011 3762 nos,
1023 3716 1084 3749 auec
1098 3707 1155 3748 tant
1165 3692 1374 3769 d’indtffbreuee.

403 3796 481 3851 quatu
493 3781 573 3831 refert
585 3779 711 3832 Herodot.
724 3783 773 3845 lll,
786 3782 817 3846 41
827 3799 882 3852 ssq.
986 3792 1026 3828 to.
1039 3776 1317 3849 Tanquamoceatt'otte
1325 3787 1442 3845 marpu-

438 3875 463 3928 7.
482 3859 610 3932 Neapoli,
625 3859 899 3933 etc.Cf.Xiphil.osp.
946 3858 1093 3910 liundorum
1098 3895 1144 3910 .....
1161 3857 1366 3930 prouinciarum.
1383 3853 1442 3906 Vide

405 3939 450 4000 263
462 3938 594 3990 Plutarch.
606 3938 682 3990 Galb.
697 3958 720 3990 c.
732 3938 757 3991 5.
946 3936 1078 3990 Plutarch.
1086 3936 1163 3989 Galb.
1172 3935 1189 3987 l.
1200 3934 1330 4007 cilipbil.
1339 3934 1441 4006 capud.

440 4019 464 4070 8.
482 4019 560 4070 Die...
575 4037 627 4092 quo
639 4029 747 4070 matrem
757 4019 902 4081 occiderat,-
981 4019 1047 4070 XLI.
1066 4035 1089 4069 ι.
1104 4017 1233 4070 Excutato
1249 4015 1444 4090 lanquorefau·

403 4113 491 4148 meuse
503 4097 583 4167 igitur
594 4098 688 4148 Manio
695 4137 704 4166 ,
714 4100 741 4149 in
752 4115 831 4168 quem
840 4099 902 4150 iuci-
946 4101 1016 4151 cium
1024 4136 1033 4166 ,
1042 4110 1092 4150 etc.
1105 4097 1146 4149 Cf.
1156 4095 1259 4166 Xiplril.
1274 4115 1336 4167 cup.
1352 4097 1397 4147 cit.

404 4175 503 4228 debant
521 4177 712 4250 Quinquatrus.
731 4177 771 4230 Cf.
791 4179 899 4250 August.
983 4196 1007 4229 n.
1029 4180 1114 4249 Quam
1127 4187 1157 4230 ut
1172 4175 1274 4228 matum
1288 4195 1315 4228 se
1330 4175 1443 4227 citim-

405 4271 452 4323 71,
467 4269 492 4309 et
505 4275 584 4328 supra
597 4277 620 4308 c.
633 4256 676 4323 43.
947 4259 1022 4323 dum,
1037 4271 1087 4312 etc.
1102 4256 1224 4312 Philostr.
1237 4255 1363 4329 Apollou.
1376 4257 1407 4321 V,
1420 4253 1442 4306 3.
