3076 5146
348 453 413 534 426
725 459 761 522 C.
787 457 1021 526 SUETONll

345 581 574 667 Rhetoricam,
585 587 630 652 ita
641 581 1220 679 utquotidieprmceptacloquentiae
1230 582 1397 660 traderet,

275 707 278 714 '
347 692 551 762 declamaret
567 719 647 763 vero
666 719 735 763 non
753 697 818 764 nisi
835 695 1005 764 nundinis.
1026 693 1181 763 Scholum
1195 692 1270 788 ejus
1286 693 1398 762 claros

346 829 484 900 quoque
499 808 588 876 viros
601 808 834 903 frequentasse
847 810 958 878 aiunt:
974 810 1010 876 iu
1027 805 1080 874 bis
1095 812 1249 874 Marcum
1264 809 1396 874 Cicero

348 937 444 998 nem,
468 918 568 986 etiam
588 942 694 1012 quum
712 934 861 1010 praetura
882 918 1089 1009 fungeretur.
1113 920 1252 1012 Scripsit
1270 915 1397 994 multe,

349 1029 503 1120 quamvis
516 1051 644 1096 annum
661 1033 766 1098 aetetis
782 1032 1098 1124 quinquagesimum
1113 1054 1184 1098 non
1198 1029 1395 1098 excesserit:

348 1141 412 1205 etsi
425 1142 572 1208 Atteius¹
594 1140 787 1234 Philologus
802 1139 870 1210 duo
886 1156 1018 1210 tantum
1033 1140 1205 1212 volumino
1223 1143 1263 1208 de
1279 1141 1399 1206 Latino

348 1275 487 1318 sermone
507 1251 683 1348 reliquisse
701 1277 780 1322 eum
797 1252 918 1322 tradit:
937 1277 1017 1322 nam
1033 1269 1144 1322 cetera
1159 1255 1286 1346 scripta
1304 1249 1400 1320 disci·

350 1360 509 1453 pulorum
523 1360 595 1456 ejus
608 1386 697 1447 esse,
711 1387 781 1432 non
794 1366 916 1457 ipsius:
932 1366 968 1430 in
980 1363 1103 1458 quibus
1115 1380 1149 1430 et
1160 1386 1263 1430 suum
1277 1359 1399 1430 alicubi

352 1474 491 1563 reperiri
502 1497 636 1540 nomen.

398 1586 491 1650 Vlll.
517 1588 564 1650 M.
578 1590 757 1654 Poururus
769 1586 1142 1666 dunnourcus,notione
1155 1565 1276 1676 Syrus,
1289 1579 1401 1648 studio

353 1695 525 1786 Epicureae
546 1712 644 1766 sectae
666 1695 864 1765 desidiosior
884 1697 919 1764 in
939 1696 1146 1788 professione
1167 1693 1403 1765 Grammaticae

352 1802 557 1886 habebatur,
572 1809 753 1903 minusque
767 1806 911 1876 idoneus
924 1805 968 1876 ad
983 1803 1145 1877 tuendam
1159 1803 1321 1874 sobolom.
1339 1807 1404 1870 lta-

354 1940 436 2012 que,
450 1941 556 2011 quum
568 1943 604 1986 se
618 1922 653 1987 in
668 1919 760 1988 Urbe
773 1943 843 1988 non
859 1917 970 1988 solum
984 1919 1129 1988 Antonio
1139 1915 1327 2009 Gnipboni,
1343 1913 1402 1981 sed

352 2029 471 2094 ceteris
483 2030 584 2096 etiam
597 2027 819 2097 deterioribus
831 2031 990 2122 postponi
1000 2029 1144 2112 videret,
1160 2033 1286 2096 Cumas
1297 2043 1405 2094 mans·

354 2141 406 2224 iit,
420 2139 534 2234 ibique
549 2143 585 2208 in
597 2145 665 2210 otio
680 2145 776 2226 vixit,
791 2158 825 2211 et
838 2141 947 2210 multo
963 2144 1168 2235 composuit:
1185 2163 1306 2212 verum
1318 2136 1406 2208 adeo

355 2253 452 2343 inops
462 2268 563 2348 atque
575 2277 693 2344 egens,
704 2269 744 2320 ut
752 2269 887 2322 coactus
897 2256 940 2322 sit
947 2255 1156 2346 praecipuum
1166 2248 1251 2320 illud
1262 2271 1407 2342 opuscu-

354 2361 427 2432 lum
439 2387 540 2432 suum
552 2364 725 2437 annalium
734 2368 832 2434 Ennii
844 2365 1081 2436 elenchorum¹
1097 2362 1242 2432 sedecim
1255 2359 1407 2430 millibus

357 2498 535 2546 nummum
549 2476 683 2546 cuidam
694 2477 857 2547 vendere:
871 2501 957 2573 quos
969 2475 1073 2546 libros
1086 2474 1236 2544 Orbilius
1248 2495 1408 2565 suppres-

357 2607 412 2656 sos
423 2582 605 2658 redemisse
621 2610 657 2656 se
671 2586 767 2669 dixit,
782 2585 1037 2682 vulgandosque
1048 2609 1183 2658 curasse
1194 2585 1334 2654 nomine
1346 2607 1409 2650 au·

357 2711 469 2766 ctorrs.

405 2809 461 2876 lX.
480 2807 633 2880 Oinous
645 2811 804 2876 Puruuus
813 2809 1084 2889 Beneventanus,
1096 2820 1205 2876 morte
1213 2818 1409 2896 parentum,

359 2941 426 2988 una
440 2933 542 3012 atque
555 2916 675 2990 eadem
685 2914 740 2986 die
754 2919 965 2986 inimicorum
976 2914 1055 2987 dolo
1067 2919 1339 2996 interemtorum,
1355 2913 1412 2980 de·

358 3032 509 3114 stitutus,
528 3035 639 3123 primo
656 3033 886 3124 apparituram
903 3027 1153 3122 magistratibus
1168 3028 1266 3098 fecit:
1286 3023 1412 3094 deinde

358 3145 394 3214 in
412 3140 612 3213 Macedonio
629 3140 816 3226 corniculo,
837 3165 918 3210 mox
935 3165 1023 3236 equo
1043 3142 1182 3213 meruit:
1203 3137 1413 3233 bnctusque

359 3254 492 3338 militia,
505 3251 615 3323 studia
625 3257 759 3347 repetiit
768 3263 790 3336 ¹,
803 3277 880 3348 quae
888 3250 959 3346 jam
971 3252 1049 3320 inde
1061 3279 1079 3322 a
1092 3275 1199 3346 puero
1211 3274 1281 3319 non
1294 3249 1414 3317 leviter

360 3475 394 3508 no
400 3456 491 3527 Opilii.
502 3457 543 3509 Cf.
552 3457 669 3510 Turneb.
680 3457 747 3509 Adv.
758 3457 828 3522 xttl,
837 3475 862 3516 ι.
907 3471 937 3510 ut
948 3459 1026 3510 crisin
1038 3457 1128 3529 operis
1137 3457 1217 3508 linnii
1228 3454 1367 3525 scripsisse
1376 3452 1415 3504 di·

394 3539 450 3590 vll.
466 3554 488 3589 ι.
502 3539 609 3592 Atteiur.
620 3537 688 3590 Vide
700 3558 759 3609 cap.
774 3555 819 3605 ιο,
832 3557 864 3590 ex
908 3536 1167 3590 ceturdndmnicus.
1177 3534 1309 3607 Equidem
1320 3533 1416 3586 abesse

361 3638 416 3691 quo
426 3616 487 3672 loeo
497 3629 584 3690 potet,
595 3619 664 3672 molo
673 3618 801 3682 confundi
813 3621 864 3672 Ar·
908 3617 1011 3684 malim,
1022 3635 1103 3688 quum
1111 3611 1416 3685 annaleselenclrr'oeque

361 3703 443 3754 teium
455 3699 624 3774 Pbiloloqum
637 3721 699 3753 cunr
712 3702 800 3755 Atteio
814 3705 864 3754 Ca·
908 3697 960 3750 dioi
973 3699 1078 3769 possint
1088 3696 1187 3749 iudicer
1195 3692 1320 3756 annales,
1334 3705 1415 3764 arque

359 3778 624 3851 pitoneaFnbricio‚
637 3777 672 3831 ad
684 3780 763 3832 Dion.
778 3781 862 3846 LVll,
908 3774 1007 3828 Plinius
1027 3775 1080 3828 hoe
1097 3771 1259 3826 vocobulum
1278 3769 1415 3840 usurparit

365 3875 404 3928 17.
424 3861 487 3913 Mox
504 3875 658 3929 suum,..·ip.
678 3860 775 3924 Atteii,
794 3859 864 3912 malo
908 3858 984 3908 initio
992 3850 1323 3916 ilistoriNoturalis,vel
1331 3851 1415 3902 conti·

360 3939 502 3992 Burmann.
518 3940 590 4008 oepit
602 3957 653 4009 pro
666 3941 727 4010 ejice.
908 3937 996 3988 nuerit
1006 3953 1075 4007 opus
1085 3933 1233 3985 Andronici
1244 3933 1324 3983 crisin
1331 3945 1424 4000 grem-

398 4018 465 4072 vlu.
487 4035 508 4069 1.
528 4016 674 4070 Annalium
691 4017 775 4068 Ennii
790 4017 863 4068 elen·
909 4018 1033 4068 mutinum
1047 4027 1093 4066 ιιιιῑ
1111 4013 1265 4066 historicum
1280 4007 1414 4062 annaliu-

362 4099 479 4156 eborum.
491 4099 592 4152 Vootb.
610 4097 697 4150 Ennii
711 4116 766 4149 nou
783 4100 864 4149 estin
909 4099 1089 4149 Romanorum
1104 4094 1181 4144 llnnii
1196 4089 1371 4160 aliorumque.

362 4179 506 4247 librique
519 4178 864 4243 incommoditatibus,
945 4177 989 4229 lx.
1007 4193 1028 4227 ι.
1044 4173 1163 4247 deperiit.
1179 4173 1216 4226 ltu
1233 4169 1347 4224 scribere
1357 4183 1413 4219 non
