3054 5152
392 511 437 592 94
767 501 803 562 C.
829 492 1061 565 SUE‘I'ONH

389 629 455 696 bue
470 628 740 717 magistratuum,
753 643 791 692 ut
808 645 895 692 unns
914 649 934 691 e
951 623 1163 708 consiliariis,
1182 624 1373 719 lieqtrenter
1386 627 1427 690 iu·

393 741 535 808 terluitt.
559 737 725 819 Eosdem,
750 735 941 830 spectacula
964 737 1120 820 edentes,
1145 758 1285 830 surgens
1309 739 1427 828 etipse

390 874 472 918 oum
484 865 595 916 cetere
605 847 719 930 turbu,
732 869 815 914 voce
827 869 867 915 ac
879 866 983 916 manu
994 863 1173 915 veneratus
1182 847 1261 916 estl.
1275 847 1427 914 Tribunis

387 959 502 1052 plebia
518 958 719 1027 adeuntibus
739 981 775 1026 se
793 957 1035 1050 pro-tribunali
1050 960 1235 1046 excusavit,
1253 955 1345 1052 quod
1359 977 1428 1048 pro

394 1091 470 1164 pter
479 1075 648 1164 angustias
661 1093 730 1137 non
742 1087 856 1162 posset
866 1071 986 1138 audire
996 1093 1067 1153 εοε,
1079 1073 1143 1138 nisi
1156 1077 1311 1139 stantess'.
1324 1073 1429 1154 Quare

391 1187 429 1252 in
449 1185 543 1252 brevi
564 1185 671 1276 spatio
694 1198 825 1249 tantum
847 1185 969 1250 amotis
995 1183 1188 1276 fauorisque
1211 1177 1358 1272 collegit,
1380 1193 1428 1256 ut,

328 1334 333 1343 ·
391 1319 499 1389 quum
516 1293 703 1387 profectum
723 1310 801 1359 eum
821 1295 982 1360 Ostiam¹⁰
999 1295 1125 1384 perisse
1146 1315 1187 1360 ert
1207 1290 1336 1361 insidiis
1353 1311 1429 1355 nun·

391 1409 516 1473 ciatum
533 1419 639 1484 esset,
654 1425 776 1494 magua
789 1408 1058 1472 consternatione
1069 1401 1232 1497 populus,
1250 1417 1284 1468 et
1297 1399 1429 1468 militem

392 1518 490 1609 quasi
498 1512 722 1606 proditorem,
737 1530 770 1580 ct
782 1513 942 1581 Senatum
954 1517 1049 1608 quasi
1061 1513 1275 1606 parricidam,
1289 1511 1370 1578 diris
1384 1527 1430 1574 ex·

394 1622 631 1691 sacrationibus
650 1625 818 1690 incessere
841 1647 911 1689 non
930 1639 1008 1692 ante
1028 1622 1206 1704 destiterit,
1228 1645 1333 1717 quam
1348 1642 1430 1686 unus

393 1749 494 1827 atque
505 1732 599 1814 alter,
616 1749 649 1799 et
661 1753 739 1798 mox
753 1731 882 1823 plures,
895 1757 915 1798 a
926 1734 1171 1826 magistratibus
1183 1735 1217 1800 in
1229 1737 1349 1799 Rostra
1360 1751 1429 1824 pro-

394 1843 501 1925 ducti,
517 1841 648 1909 salvum
663 1858 696 1909 et
709 1843 978 1936 appropinquare
992 1841 1273 1912 confirmarent¹¹.

438 1957 531 2020 Xlll.
556 1957 625 2018 Nec
638 1967 752 2018 tamen
769 1972 888 2043 expers
906 1950 1102 2020 insidiarum
1114 1973 1357 2048 usquequaque
1367 1971 1431 2042 per

394 2065 532 2145 mansit,
548 2061 608 2129 sed
620 2074 653 2128 et
665 2085 684 2127 a
696 2059 852 2152 singuliS,
867 2078 899 2129 et
911 2083 973 2155 per
984 2061 1178 2144 factionem,
1194 2081 1228 2130 et
1239 2061 1383 2156 denique
1394 2061 1431 2124 ci·

394 2171 451 2240 vili
462 2169 551 2240 bello
563 2169 740 2239 infestatus
753 2187 834 2238 est¹.
846 2174 874 2238 Ε
885 2169 984 2262 plebe
995 2170 1097 2240 homo
1110 2189 1208 2241 nocte
1220 2171 1332 2240 media
1341 2169 1430 2264 juxta

392 2380 468 2418 tar.»
490 2363 557 2429 sed,
569 2381 647 2435 quem
664 2363 716 2416 buc
733 2364 814 2416 trabit
825 2365 895 2418 idem
979 2383 1019 2418 to.
1035 2367 1184 2439 Profectttm
1196 2385 1257 2419 eum
1269 2367 1378 2420 Ostiam.
1388 2361 1431 2415 ta·

393 2449 433 2498 rir
450 2444 559 2509 doctus,
576 2445 710 2496 Ciceronis
722 2444 824 2511 locum,
837 2444 896 2498 Plri-
938 2443 1031 2518 rufior·
1054 2465 1132 2502 cauta
1159 2450 1261 2502 Ostiam
1287 2446 1430 2518 proiectmn

393 2527 459 2598 lipp.
467 2527 506 2590 11,
518 2524 567 2586 36,
581 2539 690 2596 prorsus
698 2523 812 2577 alienum
820 2535 893 2593 esse,
939 2539 1000 2576 ann.
1022 2526 1087 2592 301,
1107 2537 1238 2578 memorat
1256 2527 1336 2577 etiam
1352 2521 1428 2573 Tacit.

396 2607 442 2674 qui
462 2603 613 2656 accuratius
635 2603 791 2675 perlegerit,
815 2603 893 2656 facile
937 2603 1033 2656 Arnai.
1045 2607 1090 2672 XI,
1101 2605 1374 2677 26‚ubi‚perpetuum
1382 2600 1429 2652 boc

395 2681 503 2736 videbitt
937 2685 1096 2737 sacrificium
1110 2687 1148 2738 rei
1164 2687 1343 2738 frumentaria
1357 2697 1430 2735 caasa

429 2779 454 2831 7.
466 2759 660 2834 Gopnitiont'dtts
668 2761 892 2836 magistratuum...
937 2767 964 2816 in
974 2767 1110 2818 Castorum
1128 2766 1184 2819 aede
1199 2780 1261 2838 post
1274 2777 1430 2819 exstructum

392 2839 520 2911 interficit.
543 2840 625 2890 Recte
648 2837 770 2910 iutelligit
789 2839 891 2894 Ernest.
937 2857 1045 2916 portum
1065 2848 1176 2899 Ostiae
1194 2845 1308 2898 Claudio
1329 2845 1429 2897 institu-

394 2922 429 2973 de
442 2918 627 2990 jurisdictione
641 2917 783 2972 ordinaria.
804 2923 843 2972 De
862 2937 893 2973 ea
938 2923 1225 2996 tum‚doeet1ipsius.
1337 2941 1338 2944 ’

393 3003 463 3053 enim
472 3017 558 3052 sermo
570 3001 649 3050 ctiam
662 2997 734 3070 apud
746 2999 823 3052 Dion.
834 3001 893 3068 Lx,
976 3019 1016 3055 11.
1032 3003 1229 3076 Confinnarent.
1242 3005 1341 3055 Nescio
1353 3019 1385 3053 an
1395 3001 1431 3050 iu·

395 3083 427 3149 4,
442 3081 502 3152 qui,
517 3091 660 3150 postquam
679 3077 783 3131 assidue
795 3081 840 3150 jus
853 3079 895 3132 di·
936 3082 1005 3152 juria
1019 3083 1119 3134 Ernest.
1130 3083 1254 3155 preferat
1265 3082 1378 3134 aliorum
1390 3077 1431 3149 af·

393 3162 461 3214 risse
473 3157 614 3210 Claudium
627 3159 782 3210 memorarit
796 3157 845 3228 (ef.
860 3157 894 3211 ad
931 3157 1080 3231 fimtcrent.
1093 3161 1175 3228 Quod
1189 3179 1257 3215 unus
1274 3173 1356 3234 arque
1371 3157 1431 3209 alter

393 3259 417 3290 e.
430 3237 491 3308 14),
503 3251 571 3307 sape
580 3226 728 3296 Consulum
739 3237 895 3307 cognitioni·
937 3235 1164 3310 affimaoemt(id
1174 3240 1315 3292 enimlatet
1325 3251 1431 3311 perreu-

393 3317 456 3380 bus,
467 3317 659 3377 etPrtetorum,
670 3331 763 3366 corum
771 3316 893 3382 maxime,
937 3335 995 3386 grua
1005 3321 1032 3370 in
1040 3319 1121 3372 verbo
1129 3319 1163 3371 ab
1172 3334 1279 3372 auctore
1288 3313 1431 3385 adhibito),

393 3396 440 3465 qui
450 3394 543 3444 erario
557 3392 675 3462 praelecti
686 3405 761 3445 erant
774 3393 822 3463 (dc
835 3395 901 3465 qab·
937 3395 964 3446 ld
971 3413 1033 3446 mox
1038 3396 1137 3467 plures,
1145 3396 1291 3468 prodactis
1300 3396 1432 3467 magistra-

393 3472 444 3524 bus
453 3471 552 3523 dictum
563 3469 598 3521 ad
609 3471 677 3540 Aug.
688 3469 738 3537 36,
753 3483 778 3522 et
791 3470 895 3524 dicetur
938 3473 1022 3540 tibus,
1034 3474 1230 3548 confimamnt.

394 3549 429 3601 ad
441 3547 534 3601 Claud.
552 3547 617 3618 24),
631 3549 781 3602 interfuisse
794 3550 893 3604 scribit.
972 3554 1039 3605 Xlll.
1057 3569 1079 3606 t.
1093 3555 1146 3607 Sed
1155 3565 1182 3605 et
1191 3575 1207 3605 a
1218 3552 1381 3627 singulis...
1394 3551 1431 3602 ἰη-

430 3629 454 3678 8.
474 3626 585 3697 Surgeret
597 3637 623 3676 et
635 3625 702 3695 ipse.
712 3664 718 3676 .
729 3663 734 3674 .
745 3664 751 3676 .
763 3639 895 3680 morante
932 3631 1043 3703 fertatur
1062 3643 1105 3686 cst.
1132 3633 1157 3684 A
1173 3632 1281 3706 singulis
1298 3631 1363 3683 illud
1379 3639 1430 3687 cst,

393 3716 439 3760 cst.
448 3705 520 3758 ldem
529 3704 592 3754 fecit
600 3705 629 3753 iu
639 3704 725 3756 Curia.
738 3705 817 3756 Conf.
827 3707 894 3772 uio,
939 3711 1010 3783 quod
1020 3709 1054 3763 de
1063 3711 1169 3762 homine
1180 3731 1194 3763 e
1205 3710 1286 3782 plebe
1293 3723 1322 3762 et
1332 3707 1431 3761 duobus

394 3788 456 3851 Lx,
469 3785 486 3838 6
498 3796 524 3836 et
539 3799 578 3834 12.
595 3784 733 3850 Ceterum,
747 3783 808 3836 ride
820 3783 892 3857 lips.
938 3793 1066 3862 equestris
1087 3790 1186 3842 ordinis
1211 3803 1307 3843 auctor
1328 3799 1432 3846 nartat3

394 3866 478 3923 Elect·
492 3866 532 3930 ll,
546 3862 571 3916 6-
936 3871 1133 3942 perfectionem
1144 3870 1202 3922 bc.
1212 3872 1431 3942 conspirationem
1455 3899 1459 3916 .

429 3963 457 4015 9.
475 3943 535 3997 Not
546 3953 649 3994 stantes.
664 3945 724 4014 lpse
735 3945 806 3994 enim
817 3945 893 3998 sede
938 3949 1110 4003 domesticam
1123 3951 1192 4003 Galli
1206 3953 1289 4003 Asinii
1303 3961 1330 4002 et
1344 3945 1432 4002 Statilii

393 4026 442 4078 bat
452 4027 480 4075 in
490 4020 618 4074 tribunali
626 4023 670 4090 jus
683 4021 787 4085 dicatam
797 4019 894 4078 Tribu-
938 4029 1061 4092 Corrini3
1082 4029 1155 4082 ciuili
1172 4031 1240 4082 bello
1259 4026 1430 4082 Scriboniani.

394 4109 436 4160 nis
451 4117 539 4158 autem
554 4100 643 4156 sedern
658 4103 756 4156 offerro
769 4115 822 4156 non
841 4119 892 4177 po·
938 4109 1059 4160 Ceterum
1069 4108 1113 4159 sed
1122 4108 1206 4162 abluit
1215 4129 1230 4161 a
1239 4109 1324 4173 cod,
1339 4105 1431 4158 collato

395 4199 461 4239 terat
473 4196 578 4258 propter
589 4185 722 4256 angustias
735 4183 796 4235 loci.
940 4185 972 4236 ad
985 4204 1066 4256 marg.
1081 4187 1164 4238 Plant.
