3068 5144
377 567 441 656 376
751 571 786 634 o.
813 569 1047 648 sunromr

375 694 494 774 dari3»
516 697 544 760 si
562 692 642 788 quid
659 711 822 786 praeterea
838 693 1085 777 desiderarent,
1103 698 1303 786 promittens
1320 721 1355 764 se
1371 703 1423 766 tn‘·

373 804 554 873 buturum:
571 821 605 872 et
620 805 796 872 confestim
814 805 953 899 quidem
967 803 1010 872 ad
1023 805 1161 872 alterius
1176 822 1336 890 matrem,
1351 832 1423 900 quae

373 915 493 1008 procul
513 915 647 997 aberat,
670 939 824 982 cursores
848 940 927 983 suos
951 917 1059 996 misit,
1083 917 1141 1009 qui
1164 918 1272 984 anxiae
1294 915 1423 983 salvum

373 1025 481 1094 filium
504 1030 715 1094 nunciarent.
742 1032 899 1096 Ceterum
925 1030 1016 1122 ipsos
1041 1050 1109 1094 non
1135 1026 1246 1094 solum
1272 1025 1424 1094 familian'

373 1161 476 1204 coenae
488 1136 657 1220 adhibuit,
673 1136 732 1204 sed
746 1153 779 1203 et
793 1139 982 1231 insequenti
994 1137 1048 1204 die
1062 1136 1288 1230 gladiatorum
1301 1155 1424 1229 specta·

374 1249 450 1317 culo
474 1252 561 1317 circa
585 1273 620 1317 se
643 1274 686 1316 ex
711 1247 877 1316 industria
900 1247 1086 1327 collocatis,
1110 1247 1220 1316 oblata
1241 1248 1305 1315 sibi
1328 1249 1423 1318 ferra·
1525 1267 1528 1362 j

373 1361 509 1428 menta³
526 1363 752 1454 pugnantium
763 1359 970 1453 inspicienda
985 1362 1144 1452 porrexit.
1164 1362 1295 1428 Dicitur
1308 1362 1422 1442 etiam,

373 1475 507 1565 cognita
518 1477 696 1567 utriusque
709 1476 880 1564 genitura,
903 1474 1104 1538 «imminere
1121 1471 1287 1539 ambobus
1300 1476 1424 1566 pericu·
1527 1465 1528 1470 ἵ

371 1582 487 1666 lum,»
503 1583 707 1652 affirmasse:
726 1608 869 1651 «verum
877 1580 1300 1678 quandoquc,etabalio⁴:
1315 1617 1328 1646 n
1343 1587 1425 1652 sicut

373 1696 493 1762 evenit.
507 1700 658 1761 Fratrem
666 1693 690 1774 ⁵,
702 1694 853 1761 insidiari
865 1692 930 1760 sibi
942 1717 1011 1760 non
1023 1693 1249 1773 desinentem,
1262 1690 1323 1760 sed
1333 1717 1425 1786 paene

373 1830 414 1873 ex
432 1804 586 1896 professo
605 1803 843 1874 sollicitantem
860 1808 1043 1886 exercitus,
1060 1804 1279 1872 meditantem
1297 1804 1423 1895 lugam,

373 1939 436 1982 nec
452 1912 619 1997 occidere,
639 1939 750 2010 neque
770 1940 947 2008 seponere,
968 1940 1007 1983 ac
1023 1939 1067 1982 ne
1085 1917 1120 1980 in
1139 1917 1270 1981 minore
1289 1913 1424 2008 quidem

374 2026 502 2094 honore
523 2027 648 2095 habere
669 2031 846 2095 sustinuit:
869 2026 945 2108 sed,
967 2044 1007 2094 ut
1029 2052 1049 2094 a
1069 2029 1179 2119 primo
1200 2029 1335 2120 imperii
1357 2025 1424 2107 die,

280 2167 282 2171 ·
375 2155 566 2206 consortem
579 2162 876 2233 successoremque
889 2141 1004 2206 testari
1016 2139 1261 2232 perseveravit;
1275 2161 1425 2204 nonnun-

379 2273 480 2342 quam
504 2265 633 2318 secreto
652 2250 808 2342 precibus
830 2265 865 2318 et
884 2250 1030 2319 lacrimis
1054 2274 1170 2332 orans,
1199 2266 1265 2318 «nt
1292 2249 1424 2317 tandem

377 2376 495 2427 mutuo
508 2385 586 2452 erga
599 2385 634 2428 se
647 2364 760 2429 animo
772 2360 874 2430 vellet
885 2386 968 2429 esse.
981 2395 994 2422 r

422 2475 462 2536 X.
490 2475 582 2538 Inter
597 2471 670 2538 baec
682 2490 789 2538 morte
802 2489 995 2564 praeventus
1012 2490 1063 2539 est
1076 2483 1097 2554 ¹,
1111 2469 1237 2564 majore
1250 2469 1425 2536 hominum

375 2579 517 2663 domuc,
533 2604 634 2673 quam
650 2604 722 2650 suc.
741 2582 943 2672 Spectaculis
956 2581 1135 2663 absolutis,
1152 2583 1351 2672 inquorum
1365 2579 1425 2645 line

411 2768 436 2818 3.
456 2767 635 2820 Ferramenta.
649 2771 781 2820 Dicuntur
791 2767 879 2838 fena·
924 2769 1028 2822 Ernest.
1043 2769 1125 2820 suasit
1142 2777 1335 2838 venturumque
1349 2783 1426 2838 quun·

376 2856 464 2898 mereto
478 2846 511 2898 de
530 2847 625 2918 gladiis
645 2867 675 2899 ac
691 2850 752 2900 sicis
767 2867 782 2899 a
797 2850 877 2900 Cicer.
924 2851 1016 2922 doque.
1026 2837 1143 2904 Omnino
1154 2851 1174 2899 si
1184 2861 1267 2900 staret
1280 2857 1425 2908 venturum,

375 2924 451 2976 Catil.
467 2928 514 2993 ill,
529 2930 559 2991 5,
574 2941 600 2978 et
615 2926 711 2980 diserte
726 2927 814 2978 Aurel.
831 2929 878 2978 Vi·
924 2928 1063 3000 legendum
1077 2929 1212 2993 essetsed‚
1229 2927 1312 2979 velat
1326 2925 1426 2978 riballo.

374 3017 441 3068 ctor,
461 3004 478 3056 l.
498 3024 521 3056 c.
540 3005 573 3058 de
588 3007 776 3058 mirmillonum
790 3006 879 3076 gladio
925 3009 976 3060 Sed
990 3011 1052 3078 jure
1069 3007 1241 3080 praetulerunt
1259 3005 1387 3058 Oudend.
1406 3017 1427 3055 et

375 3085 492 3155 exponit.
501 3087 658 3157 Recepimus
666 3085 781 3156 igiturb.
792 3085 808 3138 l.
819 3105 880 3137 curn
924 3088 1038 3140 Wolfius
1054 3105 1155 3154 mum,
1171 3085 1243 3157 quod
1259 3084 1378 3137 Casaub.
1393 3102 1427 3134 rt-

373 3161 551 3233 Oudendorp.
563 3178 589 3217 et
598 3166 717 3230 Emest.‚
729 3183 796 3235 quos
806 3164 880 3231 vide,
925 3165 1427 3237 stituerat.Causacorruptelaeinquau·

375 3243 482 3311 optimis
502 3241 575 3295 libris
593 3243 783 3296 annuentibus.
802 3242 879 3313 Vulgt
925 3247 1020 3319 doque,
1031 3246 1059 3298 h.
1071 3267 1093 3298 e.
1105 3243 1263 3316 aliquando,
1276 3244 1347 3296 male
1357 3239 1427 3294 intel·

375 3334 544 3385 curamenta,
560 3342 617 3394 quae
631 3323 785 3394 simpliciter
797 3321 829 3374 de
841 3341 880 3373 ar·
926 3326 996 3379 lecto
1008 3327 1091 3378 luisse
1102 3324 1216 3390 videtur,
1229 3337 1255 3375 et
1266 3327 1294 3376 in
1305 3336 1427 3397 sequente

375 3399 423 3450 mis
439 3398 583 3469 ἀμυντηρίοις
599 3401 710 3471 intelligi
723 3420 817 3473 posse,
833 3402 881 3452 viri
926 3406 1020 3458 evenit.

374 3477 447 3530 docti
457 3479 812 3549 exemplisideoeitatisnon
822 3498 880 3551 pro·
961 3485 985 3537 5.
1012 3485 1140 3548 statrem,
1165 3496 1215 3535 etc.
1239 3483 1426 3534 Domitianum.

376 3559 483 3610 barunt.
495 3561 535 3612 De
546 3560 627 3611 verbo
639 3561 709 3610 enim
721 3579 827 3623 ornare,
842 3579 881 3610 aa·
926 3564 966 3617 Cf.
981 3563 1071 3616 Aur-el.
1086 3565 1188 3628 Victor,
1202 3563 1272 3634 Epit.
1290 3577 1331 3613 to.

376 3637 455 3704 σμιῖι,
467 3641 599 3712 armisque
610 3641 784 3708 σκιπιστκρίως
795 3660 826 3692 eo
837 3660 882 3692 no·
961 3645 993 3694 X.
1010 3660 1031 3693 1.
1043 3643 1116 3694 Inter
1128 3641 1182 3694 boec
1191 3653 1274 3693 morte
1285 3651 1428 3713 praeuentus

376 3722 446 3770 mine
462 3721 591 3790 insignitis
612 3737 690 3772 nemo
711 3719 879 3772 dubitaverit·
925 3735 969 3774 est.
982 3722 1061 3773 Conl.
1077 3719 1178 3791 Xipbil.
1191 3719 1286 3786 LXVI,
1301 3719 1344 3773 26.
1358 3719 1427 3772 Alter
1444 3745 1446 3752 v

375 3797 880 3872 Ceterumvocabulumferramentaboc
925 3801 1025 3863 Victor,
1040 3799 1103 3850 Caes.
1125 3813 1156 3849 ιο
1175 3812 1201 3850 et
1223 3813 1263 3862 tt,
1283 3815 1426 3864 aeneam

377 3897 455 3932 sensu
477 3898 532 3932 non
555 3881 591 3932 ita
610 3893 746 3952 promtum
768 3879 880 3931 librariis
925 3881 1078 3932 Domitiano
1089 3877 1381 3950 accepto;alter,Epit.
1392 3892 1428 3943 ic,

376 3958 459 4009 luisse
472 3957 583 4023 videtur,
598 3973 629 4011 ut
645 3979 695 4031 pro
708 3958 796 4029 glossa
810 3960 880 4010 inse·
920 3959 992 4030 febri
1010 3957 1142 4010 interiisse
1156 3959 1245 4008 Titum
1260 3955 1335 4008 dicit.
1352 3955 1427 4008 Conl.

376 4039 487 4090 ruerint.
925 4038 1069 4090 Domitian.
1092 4055 1150 4108 cap.
1178 4053 1202 4088 2.
1224 4035 1316 4100 l’lurep
1339 4037 1427 4086 mortis

410 4115 436 4181 4.
452 4115 548 4168 Verum
559 4117 805 4188 quandoque‚etab
815 4115 877 4167 alio.
924 4137 1032 4186 causas,
1048 4137 1063 4169 a
1078 4116 1192 4170 diversis.
1207 4117 1361 4170 auctoribus
1378 4135 1426 4166 me·

374 4191 452 4262 Vulg.
473 4207 608 4248 venturum
623 4194 798 4266 quandoque3
812 4195 878 4248 Cod.
925 4207 1054 4260 moratas,
1064 4209 1184 4248 recenset
1193 4195 1332 4248 Reimarus
1342 4193 1426 4246 adili·

374 4268 449 4339 alter‚
458 4284 715 4345 venturumquoque,
726 4273 876 4326 sedubalt'o.
924 4274 1017 4346 philin.
1031 4275 1082 4326 loc.
1096 4275 1140 4326 cit.
1231 4319 1234 4326 .
