3076 5146
292 527 353 590 DE
375 525 546 591 CLARIS
570 527 780 592 RHETOR.
807 531 961 634 LIBER.
1087 535 1152 620 439
1203 479 1206 488 Ι

96 654 237 720 fortuna
250 655 285 720 in
300 653 455 721 ordinem
470 655 695 738 senatorium,
712 671 814 749 atque
827 655 870 723 ad
884 679 1036 726 summos
1049 659 1157 728 hono-

96 789 149 834 res
161 768 401 859 processerint
416 763 479 834 Sed
491 769 576 833 ratio
588 764 732 834 docendi
747 791 810 836 neo
822 793 890 835 una
902 771 1078 856 omnibus,
1093 797 1157 841 nec

95 874 241 967 singulis
259 875 377 944 eadem
393 898 526 969 semper
538 877 620 961 fuit,
638 876 775 971 quando
788 881 882 946 vario
895 880 998 949 modo
1013 885 1157 979 quisque

95 983 287 1079 discipulos
303 1004 535 1056 exercuerunt.
554 991 642 1055 Nam
660 1004 695 1055 et
710 987 797 1056 dicta
814 989 992 1081 praeclare,
1009 1013 1071 1084 per
1089 1014 1158 1061 om-

96 1120 156 1180 nes
168 1097 318 1189 figuras,
331 1122 392 1190 per
405 1121 518 1181 casus,
532 1113 566 1166 et
579 1098 757 1192 apologos,
772 1099 868 1168 aliter
880 1117 981 1196 atque
995 1102 1092 1172 aliter
1103 1129 1158 1172 ex-

96 1233 245 1301 ponere,
261 1225 295 1278 et
306 1212 516 1278 narrationes
531 1225 604 1278 tum
616 1211 762 1280 breviter
774 1227 808 1279 et
821 1233 953 1304 presse,
967 1229 1041 1280 tum
1055 1213 1157 1283 latius

97 1335 132 1390 et
152 1319 296 1388 uberius
319 1320 487 1413 explicare
514 1337 736 1390 consuerant:
763 1320 935 1390 interdum
959 1325 1156 1394 Graecorum

96 1433 228 1526 scripta
240 1448 453 1514 convertere,
468 1455 508 1500 ac
520 1434 612 1501 viros
627 1434 777 1502 illustres
789 1433 945 1518 laudare,
959 1434 1013 1502 vel
1026 1439 1158 1528 vitupe-
1273 1417 1274 1420 Ἴ

97 1565 192 1610 rare:
215 1541 372 1637 quaedem
391 1543 551 1611 etiamad
569 1567 671 1611 usum
687 1548 877 1612 communis
894 1547 971 1612 vitae
988 1547 1156 1629 instituta,

97 1669 172 1720 tum
183 1652 282 1720 utilia
299 1670 333 1721 et
347 1655 553 1737 necessaria,
569 1669 644 1722 tum
659 1657 848 1747 perniciosa
860 1673 894 1722 et
910 1675 1158 1747 supervacanea

69 1851 71 1855 ,
98 1762 304 1832 ostendere:
322 1786 412 1856 saepe
431 1762 554 1831 fabulis
570 1762 672 1831 fidem
690 1764 844 1846 firmare,
856 1781 920 1833 aut
937 1763 1083 1832 historiis
1099 1764 1158 1832 de·
1209 1771 1210 1780 ’
1239 1833 1241 1838 .

98 1897 213 1958 mere,
228 1871 320 1968 quod
336 1898 443 1966 genus
458 1891 543 1954 θέσεις
557 1889 590 1941 et
605 1891 746 1954 ἀνασκευάς
758 1889 792 1942 et
805 1894 960 1956 κατασκευάς
975 1877 1083 1942 Graeci
1097 1896 1157 1943 vo·

99 1998 195 2051 cant:
207 1984 318 2052 donec
329 1986 456 2052 sensim
464 1983 538 2051 haec
551 1983 784 2067 exoleverunt,
796 2001 831 2052 et
840 1984 883 2052 ad
894 1988 1157 2053 controversiam

98 2109 243 2170 rentum
262 2109 323 2162 est.
344 2099 481 2162 Veteres
503 2097 723 2162 Controversia
742 2112 802 2163 aut
819 2120 861 2163 ex
879 2096 1025 2164 historiis
1046 2095 1157 2164 trahe-

99 2202 243 2290 bantur,
252 2207 340 2273 sieut
351 2229 432 2272 sane
444 2206 618 2273 nonnullae
629 2231 738 2301 usque
749 2207 879 2274 adhuc:
892 2223 953 2273 aut
963 2229 1005 2273 ex
1017 2209 1159 2296 veritate

100 2339 140 2382 ac
158 2339 219 2399 re,
243 2320 272 2384 si
296 2340 364 2411 qua
385 2317 472 2384 forte
494 2341 613 2384 recens
636 2315 821 2386 accidisset.
848 2323 981 2412 ltaque,
1007 2317 1158 2384 locorum

101 2429 204 2496 etiam
213 2427 496 2521 appellationibus
505 2426 661 2521 adjectis,
673 2432 820 2522 proponi
831 2429 993 2498 solebant.
1007 2432 1059 2500 Sic
1067 2446 1161 2497 certe
1186 2455 1189 2462 ·

101 2537 253 2608 collectae
268 2537 434 2634 editaeque
448 2564 490 2608 se·
499 2538 640 2606 habent:
656 2540 833 2634 exquibus
846 2539 1075 2608 nonalienum
1088 2537 1158 2606 fue·

102 2651 162 2732 rit,
175 2675 284 2718 naam
300 2666 333 2717 et
349 2650 506 2732 alteram,
519 2648 665 2741 exempli
675 2672 795 2733 causa,
807 2648 850 2716 ad
861 2649 1004 2718 verbum
1015 2650 1156 2718 referre:

107 2762 261 2829 aAEstivo
277 2775 429 2853 tempore
446 2758 677 2828 adolescentes
696 2759 817 2828 urbani
835 2784 943 2855 quum
958 2763 1087 2829 Ostiam
1106 2781 1158 2828 ve

102 2873 250 2954 nissent,
263 2871 342 2940 litus
354 2874 512 2965 ingressi,
525 2874 709 2964 piscatores
721 2869 894 2939 trahentes
906 2889 978 2940 rete
986 2857 1157 2953 adierunt,

104 2995 137 3048 et
145 2984 363 3076 pepigerunt,
373 2983 491 3051 bolum
500 2986 618 3077 quanti
626 2996 791 3050 emerent:
802 3005 960 3050 nummos
968 2981 1156 3050 solverunt:

105 3089 162 3158 diu
177 3109 477 3186 exspectaverunt,
492 3093 575 3161 dum
589 3095 672 3160 retia
687 3091 960 3160 extraherentur:
976 3091 1162 3186 aliquando

105 3207 280 3287 extractis,
292 3206 392 3296 piscis
403 3203 519 3272 nullus
527 3205 642 3287 infuit,
653 3204 713 3272 sed
723 3219 838 3296 spone
845 3207 917 3270 aun'
927 3203 1059 3272 obsuto.
1071 3207 1161 3272 Turn

106 3328 251 3382 emtores
263 3314 381 3382 bolum
393 3340 493 3383 suum
503 3318 807 3408 aiunt,piscatores
818 3339 928 3382 suum.
943 3347 956 3376 a
975 3313 1165 3384 «venalicii

107 3449 220 3520 quum,
228 3429 396 3497 Brundisii
409 3454 546 3521 gregem
562 3430 733 3498 venalium
749 3451 768 3496 e
782 3432 860 3497 navi
876 3425 1077 3512 educerent,
1092 3427 1160 3496 lor-

106 3560 203 3606 moso
227 3556 261 3607 et
279 3542 429 3632 pretioso
449 3564 575 3634 puero,
599 3540 692 3637 quod
715 3539 918 3633 portitoresl
940 3538 1164 3624 verebantur,

108 3647 237 3718 bullam
255 3666 289 3718 et
306 3667 503 3745 praetextam
521 3669 636 3744 togam
653 3655 863 3745 imposuere:
882 3651 979 3721 facile
997 3649 1163 3718 fallaciam

108 3758 272 3829 celarunt.
288 3767 432 3830 Romam
444 3761 597 3831 venitur:
616 3785 673 3831 res
686 3765 821 3854 cognita
838 3778 906 3830 est:
924 3765 1053 3854 petitur
1064 3781 1165 3856 puer,

111 3869 201 3965 quod
218 3871 346 3942 domini
361 3874 533 3942 voluntate
546 3874 649 3942 fuerit
660 3873 763 3956 liber,
778 3875 814 3939 in
829 3871 1030 3940 libertatem.
1043 3901 1056 3930 υ
1075 3869 1165 3937 Olim

145 4058 334 4124 4.Portitores,·
342 4064 492 4114 accusativo
500 4079 563 4113 casu
572 4079 618 4131 po·
663 4079 716 4133 que
727 4058 886 4113 defraudare
899 4057 1042 4112 studebant
1053 4060 1167 4130 vectiga-

17 4133 18 4140 '
113 4139 200 4190 situm.
214 4138 322 4192 Scilicet
335 4139 473 4208 venalicii,
487 4159 534 4193 seu
546 4158 619 4193 man·
649 4141 696 4205 li,
709 4140 781 4213 quod
791 4141 824 4193 de
836 4141 954 4194 formoso
966 4155 1051 4210 puero
1064 4137 1167 4191 solven-

114 4235 208 4286 gonee,
218 4218 380 4274 verebantur
390 4223 547 4294 portitores,
560 4237 621 4274 eos-
665 4221 728 4274 dam
744 4235 808 4276 eret.
