3054 5152
495 511 749 600 cosumus.
1086 511 1142 575 131

109 642 152 710 vel
166 645 268 709 etiam
283 639 394 708 studio
406 662 445 706 ac
458 637 612 720 libidine,
628 624 791 718 honoreS,
806 640 987 720 exercitus,
1002 641 1149 733 impuni-

106 769 201 835 tates,
217 753 385 846 supplicia
396 751 535 843 largitus
550 751 636 818 est3:
651 765 685 818 et
698 747 834 845 quidem
847 751 991 818 insciens
1003 751 1150 844 plerum·

106 888 164 960 que
176 879 212 930 et
223 864 373 956 ignarus.
388 869 434 930 Ac
444 885 487 929 ne
500 860 692 953 singillatim
705 862 836 927 minora
848 860 1000 955 quoquel
1012 884 1150 931 enumc-

81 1027 86 1055 ,
106 999 190 1056 reru,
208 991 384 1043 revocatas
400 973 615 1041 liberalitates
632 969 724 1066 ejus,
741 969 869 1066 judicia
888 976 1048 1057 rescissa,
1070 999 1150 1069 sup-

105 1088 228 1179 positos
247 1102 309 1153 aut
328 1088 428 1152 etiam
446 1083 557 1176 palam
576 1087 769 1151 immutatos
787 1081 944 1151 datorum
962 1085 1150 1154 officiorum

105 1196 290 1282 codicillos;
306 1199 452 1290 Appium
466 1195 632 1280 Silanum,
648 1219 869 1262 consocerum
884 1195 1018 1278 suum⁵,
1034 1197 1152 1266 Julias·

106 1307 202 1404 que⁶,
220 1309 365 1377 alteram
382 1310 500 1390 Drusi,
515 1308 657 1376 alteram
673 1310 863 1375 Germanici
880 1307 995 1391 filiam,
1011 1311 1152 1378 crimine

106 1425 230 1490 incerto
239 1473 248 1503 ,
257 1445 322 1489 nec
333 1420 530 1488 defensione
538 1419 609 1488 ulla
618 1418 711 1502 data,
722 1419 860 1489 occidit:
872 1422 950 1488 item
960 1437 973 1483 7
985 1425 1046 1489 Cn.
1059 1427 1152 1491 Pom-

107 1673 157 1742 ipsa
171 1669 298 1722 dictionis
311 1684 405 1722 natura
418 1669 509 1736 docet,
522 1689 536 1721 e
548 1689 605 1724 sce-
650 1688 774 1744 queque,
793 1667 865 1742 quod
885 1674 961 1743 pejus
980 1672 1057 1724 etiam
1071 1673 1152 1725 altera

107 1769 137 1802 na
148 1751 274 1822 repetite.
286 1749 346 1802 Alia
359 1769 400 1802 res
412 1763 470 1801 erat
481 1769 504 1800 c.
517 1750 566 1814 25,
578 1752 605 1801 in
650 1751 779 1817 lectione,
791 1752 903 1804 minima
916 1769 1033 1825 queque.

108 1833 148 1897 iis,
164 1833 213 1904 qui
228 1849 255 1882 se
266 1849 315 1902 pro
331 1831 469 1902 Equitibus
484 1829 607 1882 Romanis
687 1830 838 1902 5.Appium
845 1830 1153 1898 Silanum,consocernm

107 1910 607 1988 sperent,ubiadtlitumprodiscrimen
650 1911 1156 1984 mum,-obOctaviam‚Claudiililiam,

108 1995 181 2058 lacit,
195 1990 272 2044 haud
289 1991 458 2044 observatum
476 1989 510 2040 ab
524 1991 608 2042 Erne-
652 1989 680 2040 L.
700 1991 780 2042 lunio
801 1987 907 2056 Silano,
921 1989 1000 2061 hujus
1020 1991 1089 2060 lilio,
1106 1995 1154 2046 dc-

108 2074 162 2124 stio.
171 2070 256 2138 Quod
267 2069 302 2122 ad
311 2088 366 2123 rem
377 2071 484 2135 attinet,
496 2069 531 2120 cf.
542 2069 606 2132 Dio,
652 2083 820 2138 sponsatam:
834 2067 893 2120 vido
905 2088 928 2120 e.
941 2086 983 2139 27.
993 2073 1033 2123 De
1044 2091 1071 2124 re
1082 2075 1153 2125 coni.

6 2169 8 2184 ,
108 2151 200 2218 1352,
651 2148 721 2214 Dio,
738 2148 800 2213 LX,
818 2147 865 2214 14,
883 2151 927 2218 qui
943 2147 1031 2200 Silano
1044 2167 1153 2204 matrem

138 2233 161 2284 3·
176 2229 338 2302 compendio
350 2231 472 2300 cujusque
484 2228 605 2281 lterum...
651 2226 798 2280 Messalinae
806 2229 926 2299 nupsisse
939 2227 1015 2300 dicit,
1024 2243 1103 2302 atque
1116 2236 1156 2285 in-

108 2312 210 2386 larpitus
224 2323 269 2364 est.
285 2309 326 2361 Cf.
342 2311 411 2370 Dio,
425 2309 487 2374 LX,
503 2325 543 2376 ¹7·
555 2311 606 2358 Pro
652 2305 686 2356 de
701 2319 793 2358 natum
805 2306 912 2374 odium,
928 2307 1072 2378 quodcum
1087 2331 1153 2363 nuru

107 2393 287 2463 impunitates,
299 2390 370 2460 lips.
387 2389 469 2441 suasit
481 2387 607 2439 immuni·
651 2384 827 2437 concumbere
848 2384 972 2438 noluerit.
993 2389 1033 2441 De
1054 2391 1156 2461 modo,

108 2483 178 2538 tates,
191 2470 267 2543 quod
281 2470 382 2540 recepit
393 2470 472 2519 etiam
483 2469 545 2518 Ero.
556 2465 607 2520 Sed
652 2483 707 2535 quo
723 2465 917 2518 circumventus
929 2464 1011 2518 bomo
1026 2483 1082 2534 est,
1098 2473 1155 2524 vide

106 2564 171 2604 recte
190 2551 312 2602 Bromius
331 2546 499 2618 Wolfiusqua
518 2556 607 2597 osten·
651 2563 711 2618 cap.
724 2547 768 2615 37.

106 2631 215 2698 derant,
230 2649 284 2682 non
297 2632 383 2680 inesse
398 2627 566 2699 impunitates
580 2627 607 2676 in
687 2629 712 2680 6.
723 2627 914 2700 Juliasquebe
926 2629 1154 2706 Gemanieijilia‚

106 2711 277 2783 sequentibus
295 2707 387 2760 vocab.
405 2705 535 2779 supplicia
552 2705 606 2758 tar·
651 2708 768 2779 relegata
786 2722 863 2760 antea
881 2729 896 2760 a
914 2711 995 2763 fratre
1009 2713 1090 2778 Caio,
1106 2735 1154 2786 po-

103 2791 169 2865 pinis
179 2801 233 2853 est,
248 2803 278 2840 ut
287 2789 423 2840 Ernestius
436 2798 525 2837 censet
533 2823 542 2852 ,
559 2783 606 2837 sed
651 2800 706 2840 stea
716 2789 1065 2858 revocataaClaudio,vide
1075 2797 1153 2847 Dion.

105 2871 235 2922 contraria
245 2869 336 2939 potius
346 2885 418 2932 esse,
431 2879 460 2916 ut
470 2864 546 2916 Galb.
561 2863 605 2929 15,
650 2867 709 2935 LX,
720 2869 750 2934 8,
762 2869 808 2922 ubi
818 2870 967 2923 Messalinae
976 2888 1086 2926 mortem
1098 2879 1154 2945 ejus

109 2947 219 3000 -donari
232 2949 318 3018 gratia
330 2963 423 3018 passus
437 2957 475 2997 est
492 2945 606 3014 vectiga—
651 2948 750 3000 tribuit.
762 2951 802 3001 De
804 2947 869 3020 filia
879 2951 970 3018 Drusi,
982 2951 1081 3005 Tiberii
1094 2955 1154 3021 filii,

105 3026 151 3094 lia,
164 3029 365 3092 immunitates,
376 3043 467 3098 poenas
480 3026 604 3076 innocen·
650 3025 734 3094 idem,
749 3045 808 3098 cap.
828 3029 867 3081 18.
883 3029 915 3080 D.
933 3030 1069 3102 Augustus
1081 3037 1153 3105 apud

106 3107 182 3176 tium,
195 3107 366 3179 impunitates
378 3107 522 3158 noxiorum.
534 3127 545 3149 ι
559 3105 606 3154 Ρο·
650 3103 792 3172 Senecam,
804 3107 831 3156 in
843 3105 955 3176 Apocol.
972 3112 1062 3178 «Iste,
1074 3131 1152 3183 quem

105 3203 156 3242 ttea
176 3189 289 3240 insciens
306 3197 332 3238 et
349 3187 455 3260 ipnarus
468 3201 542 3234 more
555 3200 605 3234 suo
650 3184 760 3250 videtis,
772 3203 821 3256 per
830 3197 869 3236 tot
879 3204 964 3238 annos
976 3189 1025 3241 sub
1035 3211 1095 3244 meo
1105 3213 1153 3245 no.

104 3260 606 3339 pleoussticeconjunxitauctor.Quod
651 3267 721 3317 mine
741 3265 845 3332 latens,
866 3263 936 3319 lianc
955 3267 1020 3322 mibi
1040 3275 1152 3343 gratiam

105 3349 170 3398 enim
184 3343 417 3397 Pitiscusalternm
430 3342 558 3414 imperiti,
569 3339 606 3391 al·
651 3343 758 3410 rotulit,
776 3357 805 3394 ut
824 3343 890 3398 duas
905 3344 989 3401 Julias
1005 3368 1153 3426 proneptes

104 3438 185 3478 terum
202 3423 379 3497 imprudentis
391 3437 437 3476 ant
449 3420 605 3494 negligentis
651 3441 723 3475 meas
733 3420 881 3489 occideret,
894 3423 1003 3478 alteram
1014 3429 1103 3498 ferro,
1116 3433 1154 3486 al.

104 3523 159 3558 esse
165 3504 245 3568 dicit,
254 3503 283 3555 id
293 3503 383 3554 nescio
390 3541 399 3569 ,
407 3521 441 3554 au
451 3503 605 3572 nimisque·
649 3517 734 3556 teram
747 3503 824 3554 fame.
836 3525 848 3549 s

104 3585 179 3636 situm
198 3587 250 3651 sit,
265 3599 353 3654 nequa
371 3582 422 3652 ipsi
440 3583 561 3650 scriptori
577 3581 605 3632 in
686 3600 710 3653 7.
730 3584 799 3634 Item
817 3585 864 3636 Cn.
880 3585 1036 3656 Pompeium
1042 3611 1052 3652 ;
1069 3593 1153 3646 virum

104 3679 217 3717 mentem
225 3665 334 3716 venerit.
342 3664 392 3712 Pro
402 3679 433 3710 oc
441 3658 560 3726 libidine,
571 3659 605 3711 ad
648 3665 787 3728 Antoniae,
808 3662 913 3715 Claudii
933 3684 964 3718 ex
985 3669 1078 3722 Petina
1096 3673 1154 3727 filice

104 3761 182 3814 marg.
194 3744 281 3794 Plant.
293 3753 414 3793 notatum
425 3750 474 3791 ant
484 3737 606 3805 libidine,
649 3743 723 3814 (vide
735 3761 759 3794 c.
777 3742 834 3814 η).
846 3743 886 3795 De
898 3746 954 3815 ejus
965 3763 1052 3802 morte
1065 3751 1153 3805 Zona.

105 3820 174 3892 qnod
185 3821 268 3874 babet
278 3817 403 3873 Oudend.
413 3816 608 3870 Mullerussua·
650 3839 710 3886 ras,
724 3839 752 3892 p.
766 3819 826 3874 563.
840 3821 956 3890 Seneca,
968 3823 985 3874 l.
999 3844 1022 3878 c.
1037 3831 1110 3881 «Iste
1122 3833 1152 3884 c,

104 3901 145 3954 det
157 3902 290 3955 libidini*
650 3902 781 3953 Caesarem
790 3918 845 3953 non
856 3900 934 3953 desiit
945 3918 1079 3958 mortuum
1090 3929 1154 3980 per·

137 3983 161 4051 4.
181 3985 290 4040 Minora
301 4000 414 4056 quoque.
426 3979 553 4034 Dedimus
565 3979 605 4032 le·
650 3983 741 4052 sequi:
755 3980 889 4032 occiderat
900 3979 944 4033 ille
957 4002 1096 4055 socerum,
1109 3989 1152 4042 hio

105 4065 217 4117 ctionem
230 4062 298 4116 Cod.
313 4063 421 4114 Merum.
435 4061 605 4132 pluriumque
650 4073 676 4112 et
687 4077 822 4131 generum.
836 4059 864 4111 C.
877 4061 965 4113 Caesar
973 4062 1060 4116 Crassi
1070 4067 1151 4120 lilium

105 4143 189 4208 MSS„
199 4143 343 4215 probatam
351 4142 453 4193 Graevio
462 4153 487 4191 et
494 4140 603 4192 Wollio.
650 4142 734 4191 vetuit
743 4142 870 4211 Magnum
883 4143 971 4193 vocari
981 4165 988 4206 ;
1000 4143 1043 4196 bio
1055 4165 1152 4201 nomen

105 4221 277 4294 Oudendorp.
288 4219 371 4274 edidit
380 4221 492 4273 aliorum
501 4219 604 4271 minora
652 4218 690 4272 illi
696 4217 810 4271 reddidit
818 4219 863 4286 (cf.
874 4219 907 4271 ad
913 4219 994 4292 Calig.
1004 4223 1058 4294 35),
1070 4243 1153 4298 caput

983 4338 1013 4403 9.
