3076 5146
638 794 962 968 nucius
1009 795 1235 918 viru.

833 1147 1050 1185 «uo-

424 1409 494 1518 Μ.
514 1456 652 1518 Annuus
666 1455 834 1531 Lucsnus,
848 1449 1090 1533 Cordubensis,
1104 1453 1212 1542 prima
1226 1453 1351 1542 ingenii
1364 1473 1443 1542 expe

422 1564 565 1628 rimenta
586 1564 621 1627 in
643 1564 782 1629 Neronis
805 1560 960 1629 laudibus
983 1560 1075 1629 dedit
1095 1561 1337 1657 quinquennali
1359 1577 1444 1627 certe

421 1672 523 1738 mine.
544 1674 628 1738 Dein
649 1671 746 1738 civile
763 1671 908 1755 bellum,
932 1671 1023 1767 quod
1044 1697 1063 1740 a
1082 1676 1257 1765 Pompeio¹
1281 1689 1315 1741 et
1333 1675 1444 1739 Caesare

424 1798 554 1872 gestum
573 1798 639 1865 est,
662 1785 822 1849 recitavit.
843 1785 909 1869 Qui
929 1775 1031 1849 t'autae
1048 1781 1189 1850 levitatis
1210 1797 1328 1849 ettam
1348 1784 1445 1848 immo

423 1891 547 1960 denatae
565 1892 688 1984 linguae
707 1893 786 1976 fuit,
802 1909 841 1960 ut
856 1896 890 1960 in
906 1894 1098 1986 praefatione
1116 1891 1260 1988 quadam
1282 1908 1406 1960 aetatem
1420 1907 1446 1957 et

422 2003 516 2068 initia
532 2027 592 2070 sua
609 2027 687 2069 cum
700 2003 838 2095 Virgilio
855 2028 1067 2096 comparans,
1085 2028 1187 2072 ausus
1203 2007 1246 2071 sit
1259 2002 1381 2070 dicere:
1402 2019 1446 2066 «et

424 2128 588 2204 quantum
607 2113 689 2179 mihi
712 2131 834 2180 restat²
855 2113 898 2180 ad
917 2113 1113 2182 Culicemis
1143 2117 1219 2198 Hic,
1240 2115 1336 2180 initio
1354 2109 1445 2178 adole

424 2226 573 2305 scentiae,
592 2248 698 2318 quum
715 2223 757 2291 ob
774 2225 931 2292 infestum
950 2229 1199 2294 matrimonium
1215 2241 1346 2319 patrem
1362 2246 1445 2291 suum

424 2335 496 2398 ruri
507 2357 605 2424 agere
614 2332 713 2426 longe
723 2337 947 2426 cognovisset,
957 2351 1132 2403 revocatus
1142 2333 1280 2402 Athenis
1290 2339 1446 2412 aNerone,

424 2438 619 2537 cohortique
633 2446 819 2510 amicorum
833 2441 983 2525 additus,
998 2461 1098 2539 atque
1113 2446 1212 2511 etiam
1226 2460 1392 2537 quaestura
1402 2439 1447 2508 ho

423 2568 576 2635 nor-atus,
592 2578 660 2620 non
681 2570 793 2623 tamen
814 2558 998 2648 permansit
1011 2559 1045 2623 in
1063 2559 1177 2648 grstia.
1193 2556 1362 2651 Siquidem
1374 2575 1445 2645 aegre

424 2661 549 2744 ferens,
565 2667 726 2732 recitante
740 2690 792 2747 se,
805 2667 931 2749 subito,
945 2691 985 2736 ac
996 2665 1089 2734 nulla
1103 2669 1166 2735 nisi
1179 2666 1391 2759 refrigerandi
1404 2667 1445 2733 sui

425 2794 539 2852 causa,
552 2773 677 2843 indicto
689 2779 827 2858 Senatu,
842 2781 1008 2844 Neronem
1023 2780 1215 2861 recessisse3
1230 2802 1340 2872 neque
1353 2775 1446 2844 verbis

425 2881 586 2951 adversus
604 2889 807 2978 Principem,
828 2911 939 2981 neque
960 2886 1054 2954 factis
1075 2887 1282 2955 exstantibus
1300 2903 1373 2982 post
1388 2885 1448 2953 hec

426 2997 640 3084 temperavit:
660 2994 745 3064 adeo
763 3013 801 3063 ut
820 2995 989 3092 quondam
1007 2999 1042 3063 in
1060 3001 1203 3065 Lauinis
1222 2999 1378 3092 publicis,
1396 2996 1449 3063 cla-

428 3104 515 3170 riore
527 3105 689 3197 strepitu³
703 3112 828 3175 ventris
845 3111 982 3189 emisso,
993 3106 1238 3176 hemistichium
1248 3111 1384 3178 Neronis
1394 3130 1449 3174 ma

427 3237 493 3305 gna
506 3239 736 3286 consessorum
749 3219 828 3311 fuga
842 3223 1085 3312 pronunciarit:
1106 3220 1198 3289 «Sub
1209 3224 1306 3287 terris
1319 3222 1450 3286 tonuisse

427 3338 535 3414 putes.
550 3355 562 3384 r
579 3325 642 3393 Sed
656 3342 690 3393 et
701 3327 829 3395 famoso
844 3331 990 3396 carmine
1005 3353 1110 3424 quum
1126 3332 1252 3423 ipsum,
1267 3349 1339 3396 tum
1350 3344 1451 3421 poten·

428 3435 573 3501 tissimos
592 3440 795 3521 amicorum,
813 3442 1006 3530 gravissime
1025 3441 1194 3532 proscidit.
1212 3439 1262 3507 Ad
1280 3455 1451 3508 extremum

428 3565 525 3634 paene
538 3545 674 3634 signiser
687 3550 870 3615 Pisonianae
884 3546 1123 3640 conjurationis
1135 3552 1274 3617 exstitit:
1291 3550 1410 3617 multus
1422 3550 1451 3613 in

1525 3747 1527 3774 l

468 3798 489 3831 ι.
501 3781 526 3830 A
532 3781 657 3853 Pompeio
663 3823 671 3851 ,
680 3797 729 3838 etc.
739 3787 839 3858 Vulgo,
850 3806 925 3840 teum
969 3789 1013 3852 Ν,
1026 3787 1077 3857 875
1091 3788 1179 3856 (Post
1193 3789 1249 3840 [Δΐ.
1265 3789 1329 3839 Min·
1341 3801 1359 3838 ῑ·
1371 3786 1417 3850 Vl,
1428 3800 1451 3852 P·
1526 3827 1527 3830 ¹

430 3859 554 3929 Pompeio
573 3874 599 3911 et
617 3863 724 3916 Caesare.
736 3889 747 3912 ι
768 3867 839 3917 Libri
856 3886 926 3919 non·
971 3865 1053 3934 528):
1069 3869 1123 3919 «Et
1134 3880 1263 3938 quantum
1274 3865 1337 3917 mihi
1347 3871 1455 3934 superat
1525 3875 1527 3934 l

430 3935 510 4002 nulli,
528 3955 607 3990 acum
622 3943 747 4011 Pompeio
760 3966 776 3995 a
790 3945 923 3997 Caesare.»
971 3944 1004 3996 ad
1018 3947 1133 3998 Maronis
1147 3945 1295 3997 culmem?-
1315 3946 1359 3996 En.
1526 3943 1527 4016 l

429 4019 495 4067 Puto
507 4015 593 4068 alieno
604 4018 663 4071 loco
672 4008 785 4092 positam
797 4025 877 4077 fuisse
886 4044 927 4078 ve·
1005 4023 1031 4074 3.
1053 4023 1164 4077 Clariore
1174 4025 1295 4097 strepitu,
1307 4038 1355 4076 etc.
1367 4018 1454 4073 Deleri·

429 4113 484 4146 rem
495 4095 705 4151 emendationem
717 4123 742 4152 a.
970 4123 1029 4157 mus
1038 4122 1097 4156 cum
1103 4104 1203 4157 Grsevio
1211 4101 1453 4176 compotistarum,

467 4193 489 4227 n.
509 4178 544 4229 Et
555 4189 679 4251 quantum
692 4181 758 4233 milri
770 4193 923 4245 restat,etc.
969 4197 995 4235 et
1007 4185 1158 4253 scripsimus
1169 4201 1337 4238 consessorum
1346 4195 1453 4254 procem
1526 4195 1527 4228 ἲ

430 4252 925 4327 ScaligerlraecitacitntudManilium,
969 4281 1097 4317 sessorum.
1522 4245 1527 4268 Α
