3066 5148
408 512 453 577 66
782 514 818 574 G.
844 510 1076 580 SUETONll

408 663 484 732 gem
497 643 532 708 in
544 641 779 707 Mauritaniam
790 637 961 708 codicillos
973 661 1062 708 suos.
1075 644 1227 725 Quorum
1239 639 1438 733 ³exemplom

409 768 498 820 erat:
512 782 525 810 a
538 753 592 832 Ei,
603 775 705 844 quem
716 752 802 817 istuc
812 752 906 834 misi,
919 773 1031 844 neque
1039 750 1120 820 boni
1130 753 1326 846 quicquam,
1338 775 1438 846 neque

406 861 502 943 mali,
517 845 672 928 leceris.)
691 859 838 928 Threces
856 859 1022 954 quosdam
1040 864 1215 930 Germanis
1232 863 1378 956 corporis
1390 886 1439 929 cu-

408 973 559 1044 stodibus
586 976 780 1068 praeposuit.
809 973 1055 1042 Mirmillonnm
1082 991 1270 1044 armaturas
1296 973 1438 1043 tresidii.

407 1085 570 1154 Columbo
582 1085 713 1167 victori,
736 1085 853 1152 leviter
865 1101 978 1153 tamen
995 1087 1125 1168 saucio,
1140 1109 1310 1154 venenum
1325 1087 1359 1153 in
1376 1084 1440 1178 pla·

312 1275 319 1289 ι
407 1209 483 1289 gain
504 1193 666 1277 addidit⁵,
690 1195 781 1291 quod
807 1217 848 1263 ex
873 1217 913 1264 eo
937 1195 1158 1262 Columbinum
1179 1195 1370 1290 appellavit.
1393 1197 1440 1264 Sic

297 1397 299 1402 Ι
403 1322 495 1396 certe
508 1311 597 1374 inter
611 1305 677 1373 alia
687 1296 818 1374 venena
831 1309 995 1400 scriptum
1006 1305 1051 1374 ah
1061 1328 1102 1375 eo
1112 1323 1283 1400 repertum
1295 1321 1356 1376 est.
1369 1311 1439 1374 Pra-

404 1407 487 1488 sinae
508 1421 643 1486 landoni
664 1421 708 1485 ita
724 1417 879 1487 addictus
897 1435 930 1486 et
946 1417 1100 1502 deditus,
1118 1436 1158 1489 ut
1172 1433 1319 1488 coenarm
1335 1423 1369 1486 in
1385 1435 1441 1485 sto·

403 1528 485 1598 bulo
497 1528 647 1610 assidue,
662 1545 696 1596 et
707 1526 886 1596 maneret⁶.
901 1531 1060 1621 Agitatori
1072 1530 1242 1623 Eutycho⁷
1255 1531 1440 1598 commissa·

403 1643 494 1722 tione
515 1639 660 1733 quadam
678 1641 713 1706 in
731 1638 945 1732 apophoretis
963 1641 1064 1706 vicies
1085 1641 1275 1707 sestertium
1295 1637 1437 1707 contulit.

404 1752 543 1817 Incitato
564 1771 671 1844 equo,
693 1747 789 1841 cujus
810 1771 910 1816 causa
929 1748 1036 1841 pridie
1054 1753 1243 1832 Circenses,
1261 1773 1306 1818 ne
1324 1752 1440 1844 inque

399 1875 544 1941 teretur,
565 1861 695 1926 viciniae
716 1859 886 1926 silentium
907 1881 969 1949 per
988 1858 1111 1925 milites
1132 1857 1279 1926 indicere
1301 1857 1440 1940 solebat,

323 2045 325 2048 ,
401 1988 524 2063 praeter
535 1971 646 2065 equile
657 1967 917 2052 marmoreum⁸‚
935 1986 968 2036 et
981 1990 1132 2062 praesepe
1143 1970 1348 2053 eburneum,
1365 1993 1440 2063 prta

402 2100 519 2176 torque
537 2104 710 2175 purpurea
730 2095 940 2174 tegumenta,
959 2100 1000 2147 ac
1018 2081 1156 2148 monilia
1177 2105 1196 2149 e
1217 2085 1376 2173 gemmis,
1391 2081 1442 2148 do

402 2217 496 2258 mum
507 2195 623 2274 etiam,
638 2209 672 2257 et
684 2192 860 2273 familiam,
874 2206 907 2256 et
922 2189 1166 2283 supellectilem
1177 2189 1285 2274 dedit,
1301 2214 1370 2286 quo
1380 2189 1442 2257 lau-

397 2308 467 2372 ·tius
480 2308 615 2372 nomine
631 2301 703 2396 ejus
722 2306 851 2370 invitati
866 2305 1118 2397 acciperentur:
1136 2303 1444 2398 consulatumque

402 2439 468 2508 que
483 2413 626 2480 traditur
639 2412 836 2482 destinasse.
1238 2501 1242 2513 ι

448 2530 535 2591 LVI.
557 2531 605 2591 lta
616 2524 834 2592 bacchantem
846 2540 947 2618 atque
958 2539 1167 2616 grassantem
1183 2547 1251 2591 non
1263 2521 1372 2592 defuit
1380 2521 1442 2618 ple

439 2779 464 2830 3.
488 2777 664 2851 Exemplum
681 2777 782 2832 Gallice
796 2799 862 2846 nos,
880 2779 903 2831 le
947 2779 1056 2847 vatt,
1073 2781 1104 2847 4,
1123 2778 1171 2830 ubi
1185 2793 1300 2850 quatuor
1317 2779 1446 2850 prioribus

403 2871 524 2914 commu.
947 2875 1030 2910 noras
1040 2854 1447 2927 DomitianusadJ'ecissodieitor

438 2942 463 3007 4.
479 2937 675 2991 Minnilloaum
687 2948 831 2990 amaturos
842 2937 903 2989 reri·
948 2941 1014 2993 duas
1031 2942 1162 2994 laedones
1179 2959 1287 2993 aunam
1306 2955 1333 2994 et
1348 2960 1445 3014 purpu-

402 3021 455 3080 dit,·
471 3019 497 3071 h.
511 3040 535 3071 e.
547 3037 601 3069 non
615 3017 695 3069 modo
707 3020 793 3070 minus
805 3017 904 3089 pretio·
948 3041 1017 3073 ream
1037 3021 1181 3092 (πορφυροῦν
1196 3023 1266 3072 enim
1279 3022 1445 3074 scribendum

404 3112 483 3153 asset
495 3098 628 3168 elegantes
642 3097 697 3150 lieri
708 3099 803 3168 jussit,
818 3108 847 3148 ut
859 3097 904 3147 Er·
948 3097 985 3150 ihi
993 3099 1072 3152 docet
1081 3099 1248 3152 doctissimus
1258 3101 1391 3171 interpres
1399 3117 1449 3172 pre

403 3194 471 3233 nost.
491 3179 619 3251 explieat,
641 3180 687 3232 sed
704 3178 805 3231 leviora
826 3179 903 3230 etiam
948 3178 1060 3248 ἀργυροῦν
1070 3197 1101 3232 ex
1111 3179 1223 3231 Martisl.
1232 3181 1323 3250 Epigr.
1331 3180 1399 3248 xlv,
1407 3177 1448 3242 5⁵,

405 3257 560 3310 armadedit
571 3270 598 3308 et
610 3259 728 3323 minora,
739 3275 792 3328 quo
803 3255 905 3306 facilius
948 3275 974 3311 et
986 3264 1075 3313 Nosti.
1089 3261 1187 3311 Domit.
1200 3277 1259 3330 cap.
1271 3257 1313 3329 7).

403 3335 565 3401 Threcibus,
580 3335 677 3406 quibus
690 3339 772 3406 magis
785 3334 905 3398 favebat,
984 3340 1010 3390 6.
1029 3339 1065 3388 Et
1075 3347 1207 3400 maneret,·
1219 3350 1398 3407 pernoctaret.

404 3412 617 3466 succumberent.
986 3433 1009 3486 7.
1030 3416 1159 3487 Eutycho.
1169 3415 1210 3467 Cf.
1221 3413 1330 3487 loseph.
1339 3415 1414 3482 xlii,
1424 3415 1447 3467 3.

441 3494 466 3544 5.
483 3493 619 3547 Venenum
633 3493 661 3544 in
674 3491 782 3565 ploqam
795 3489 905 3541 addidit·
949 3497 1029 3547 -In
1039 3494 1203 3568 apophoretis
1208 3516 1217 3556 ‚·
1226 3495 1253 3548 h.
1263 3513 1284 3546 e.
1295 3493 1387 3560 donis,
1396 3513 1450 3564 que

404 3573 484 3624 Gonl.
494 3571 689 3637 ui0,1ux,14.
701 3572 739 3622 De
744 3569 906 3639 factionibus
949 3575 1067 3625 convivis
1091 3593 1106 3624 a
1129 3573 1319 3625 comissatione
1343 3571 1448 3623 domum

405 3663 492 3703 autem
502 3652 669 3720 aurigarum,
683 3663 797 3719 quatuor
811 3647 905 3698 distin·
950 3649 1143 3702 redeuntihusa
1156 3651 1279 3720 magistro
1287 3649 1449 3702 conviviidr

405 3730 453 3780 ctis
464 3727 611 3794 coloribus,
622 3740 712 3780 veneto
722 3728 776 3779 sive
785 3726 905 3790 ceruleo,
950 3730 1056 3782 bantur.
1070 3730 1147 3782 Conf.
1159 3731 1270 3799 August.
1284 3731 1328 3799 75.

403 3808 508 3874 prasino
527 3826 573 3859 seo
591 3806 683 3873 viridi,
701 3806 762 3858 albo
779 3820 805 3857 et
823 3822 905 3857 russeo
986 3810 1010 3862 8.
1019 3810 1133 3862 Incitato
1142 3827 1256 3881 equo...
1266 3807 1451 3882 paterequile

406 3890 459 3939 sive
477 3898 588 3948 russato,
606 3904 674 3960 quos
690 3884 730 3938 rel
744 3905 758 3937 a
774 3886 846 3950 Diis,
864 3883 906 3934 vel
950 3905 1140 3956 mamertum,
1151 3901 1200 3941 etc.
1215 3888 1294 3940 Conl.
1304 3889 1449 3954 Dio,Llll,

405 3967 439 4019 ab
452 3967 586 4019 elementis
598 3977 772 4038 eremium,
782 3977 906 4016 accurate
953 3968 992 4033 il.
1001 3967 1042 4018 Sic
1050 3968 1111 4019 etl..
1120 3968 1204 4020 Verus
1212 3969 1450 4039 Antoninussqno,

384 4099 387 4104 ,
405 4049 527 4119 exposuit
541 4047 680 4118 Bulenger.
694 4046 727 4098 de
739 4047 830 4109 Circo,
845 4063 903 4114 cap.
950 4047 993 4097 oui
1010 4044 1123 4100 Votum
1138 4064 1234 4100 nomen
1251 4062 1323 4114 mat,
1342 4063 1449 4100 amm

404 4127 439 4194 48
449 4141 476 4179 et
486 4128 620 4196 49.·Conf.
633 4127 734 4180 Fshric.
747 4124 782 4178 ad
794 4125 873 4176 Dion.
887 4122 903 4175 l.
949 4127 1047 4178 viventi
1061 4123 1232 4177 simulacrum
1245 4127 1325 4193 lecit,
1339 4141 1365 4178 et
1379 4143 1449 4178 mor·

405 4225 428 4256 c.
444 4197 558 4258 Reimar.
575 4207 609 4260 ad
626 4207 725 4278 lliphil.
737 4207 810 4273 Llll,
829 4205 862 4272 6,
879 4217 904 4256 et
950 4219 996 4256 tuo
1011 4204 1163 4276 sepulcrum
1175 4205 1264 4258 erexit.
