3054 5152
645 509 647 518 '
735 551 780 642 c.
807 547 1039 615 suarouu

368 704 471 774 super
482 677 545 746 bos
557 674 752 770 Polybium⁷
767 701 788 742 a
802 675 940 758 studiis,
959 680 1016 772 qui
1029 700 1118 769 saepe
1134 680 1223 746 inter
1234 677 1324 746 duos
1335 683 1427 746 Con-

367 791 458 860 sules
476 785 688 856 ambulabat:
709 785 769 854 sed
785 802 863 853 ante
878 811 996 854 omnes
1011 787 1223 856 Narcissum⁸
1241 786 1286 856 ab
1301 792 1428 883 episto-

365 905 424 986 lis,
440 920 474 971 et
487 899 672 968 Pallantem
688 923 708 963 a
721 897 941 981 rationibus9,
957 917 1042 993 quos
1059 897 1194 968 decreto
1209 925 1350 996 quoque
1368 907 1428 970 Se·

366 1033 466 1083 natus
486 1037 555 1080 non
574 1013 722 1104 praemiis
744 1008 846 1077 modo
867 1011 1074 1102 ingentibus,
1096 1011 1155 1079 sed
1176 1028 1209 1080 et
1230 1015 1428 1107 quaestoriis

367 1126 602 1220 praetoriisque
610 1121 1015 1189 ornamentis¹⁰b0norari
1023 1121 1131 1190 libens
1141 1147 1260 1216 passus
1268 1139 1428 1208 est,tan-

365 1257 439 1306 tum
454 1252 618 1330 praeterea
629 1237 804 1327 acquirere
819 1248 853 1298 et
866 1257 1003 1325 rapere,
1016 1250 1071 1315 ut,
1086 1251 1248 1327 querente
1263 1259 1304 1301 eo
1320 1259 1430 1328 qnon-

366 1348 444 1415 dam
459 1345 501 1414 de
517 1345 588 1412 fisci
604 1347 801 1436 exiguitate,
820 1369 888 1410 non
905 1343 1051 1410 absurde
1065 1347 1108 1412 sit
1119 1344 1263 1429 dictum,
1283 1345 1431 1412 «Abun-

366 1458 543 1538 daturum,
557 1457 585 1522 si
595 1480 613 1521 a
624 1453 757 1522 duobus
767 1453 894 1521 libertis
906 1457 942 1521 in
951 1457 1158 1522 consortium
1168 1459 1395 1548 reciperetur.
1410 1489 1424 1517 ι

411 1572 529 1636 ΧΧΙΧ,
558 1567 635 1647 His,
648 1581 687 1632 nt
699 1565 802 1646 dixi¹,
816 1565 1046 1660 uxoribusque
1059 1565 1230 1648 addictus,
1243 1591 1314 1634 non
1330 1569 1429 1633 Prin-

364 1682 491 1774 cipem,
502 1674 561 1743 sed
570 1679 763 1743 ministrum
773 1678 869 1766 egit2.
882 1673 1089 1767 Compendio
1099 1675 1264 1771 cujusque
1275 1676 1427 1758 horum,

373 555 434 620 130

363 1883 577 1957 despectaculo,
586 1883 707 1954 privatim
716 1881 788 1934 edito
799 1901 870 1953 quae·
914 1882 958 1933 bia
970 1901 1024 1933 non
1040 1883 1128 1934 minus
1141 1901 1221 1953 quam
1234 1885 1375 1934 immensis
1389 1881 1430 1934 di·

364 1979 421 2017 stus
433 1983 530 2030 causa,
543 1982 575 2014 ex
585 1961 705 2014 admissis
717 1963 869 2031 percipien-
915 1961 982 2012 vitiis
990 1961 1133 2030 insignem,
1143 1961 1215 2012 Nero
1226 1962 1371 2012 interfecit.
1385 1961 1428 2014 Cf.

364 2046 406 2115 di,
417 2045 444 2097 h.
455 2045 473 2098 Ι.
486 2044 589 2114 dejure
601 2042 754 2114 spectacula
766 2041 871 2112 publice
914 2041 1000 2092 Tacit.
1010 2041 1105 2092 Annal.
1116 2041 1186 2105 xlv,
1197 2041 1240 2092 65.
1253 2040 1334 2092 Plura
1346 2041 1384 2092 dc
1396 2058 1429 2092 eo

366 2127 478 2191 edendi,
498 2124 572 2197 quod
591 2125 702 2176 licuerat
717 2123 771 2174 huc
785 2141 870 2192 usque
915 2119 961 2171 dat
973 2123 1086 2172 Reimar.
1100 2120 1134 2172 ad
1146 2118 1246 2191 Xiphil.
1260 2121 1333 2185 LXI,
1347 2119 1376 2172 3.

365 2206 563 2278 magistratibus
583 2217 702 2270 tantum,
719 2203 779 2254 filiis
794 2203 868 2252 Prin·
954 2199 1431 2272 10.Sedetquaestoriisproetoriisqne

364 2288 471 2356 cipum,
492 2283 642 2355 quibusque
662 2281 719 2332 aliis
735 2282 869 2352 Principes
915 2283 1089 2347 ornamentis,
1102 2295 1153 2332 etc.
1166 2281 1251 2331 Tacit.
1262 2279 1362 2331 Annal.
1377 2282 1430 2344 Xl,

365 2383 424 2417 eam
434 2381 524 2414 curam
536 2379 584 2414 suo
596 2363 703 2411 nomine
714 2358 871 2413 demandas·
915 2361 967 2425 38,
989 2359 1116 2412 «decreta
1138 2360 1263 2411 Narcisso
1286 2361 1431 2431 quaestoria

366 2456 434 2506 sent,
443 2438 514 2492 unde
523 2440 629 2489 minime
635 2437 794 2510 publicepro
803 2438 871 2508 glos·
917 2438 1028 2511 insignia
1039 2462 1050 2484 a
1065 2452 1126 2510 post
1139 2441 1305 2489 interemtam
1321 2439 1431 2490 Messa-

366 2540 395 2572 sa
403 2514 779 2581 damnandurneratErnestio,
790 2535 870 2588 quum
914 2519 1005 2571 linam.
1019 2519 1146 2571 Proetoria
1157 2520 1240 2569 serius
1252 2517 1303 2570 sub
1313 2518 1430 2570 Nerone

367 2602 394 2652 in
406 2618 438 2651 eo
453 2615 555 2650 summa
568 2593 678 2646 honoris
690 2609 817 2647 versetur.
916 2596 978 2649 data
996 2596 1125 2666 Pallanti,
1147 2596 1228 2649 tradit
1250 2596 1342 2663 idem,
1361 2598 1431 2664 ΧΗ,

403 2697 428 2748 7.
449 2677 488 2728 Aa
498 2695 577 2746 super
588 2674 633 2726 bos
644 2674 803 2744 Polybium,
820 2689 869 2726 etc.
917 2677 967 2742 53,
982 2676 1145 2729 «Pallanti...
1156 2678 1279 2748 prataria
1294 2676 1431 2751 insignia,

368 2760 408 2811 Cf.
427 2758 493 2823 Dio,
510 2755 571 2819 LX,
591 2770 632 2823 29.
645 2750 687 2803 Ad
703 2751 776 2804 hunc
795 2752 873 2805 Sene·
917 2770 944 2810 et
959 2759 1058 2809 centies
1073 2759 1250 2830 quinquagies
1268 2758 1430 2810 Sestertium

368 2857 405 2890 cte
418 2849 457 2889 est
476 2833 634 2886 consolatio.
648 2832 713 2884 Cum
729 2831 872 2884 Messalina
918 2835 1126 2887 censuitConsul
1138 2833 1301 2905 designatus.
1310 2857 1322 2880 ι
1334 2837 1376 2888 De
1388 2855 1433 2887 eo-

370 2918 454 2988 stupri
501 2913 690 2966 commercium
728 2910 871 2976 habuisse,
918 2914 978 2967 dem
993 2914 1222 2966 senatusconsulto
1240 2916 1353 2986 ejusque
1366 2935 1431 2967 mo·

369 2997 403 3050 ab
419 2993 514 3048 eadem
533 2991 682 3057 sublatum,
703 2989 786 3042 tradit
808 2983 880 3056 Dio,¹
918 3006 1045 3044 numento
1057 2992 1117 3046 vide
1132 2991 1197 3044 Plin.
1210 2993 1292 3062 Epist.
1302 2995 1365 3061 Vll,
1380 3011 1430 3063 29,

367 3074 481 3142 tx,31.
918 3085 945 3122 et
962 3073 1038 3138 Vlll,
1059 3073 1084 3125 6.
1104 3072 1155 3122 Pro
1176 3070 1259 3122 verbo
1281 3071 1429 3138 honorari,

401 3149 871 3215 8.SedanteomitesNarcissum,etc.

368 3236 443 3303 eujus
455 3231 569 3284 consilio
580 3230 724 3283 Messalina
737 3231 816 3300 periit
826 3229 871 3298 (cf.

367 3314 453 3364 Tacit.
468 3313 519 3375 Xl,
542 3327 576 3380 ²9
598 3311 685 3381 seq),
707 3309 741 3360 ad
760 3323 872 3360 mortem

368 3405 461 3463 postea
485 3389 609 3440 adactum
635 3391 785 3460 Agrippina
810 3389 872 3439 odio

368 3467 873 3541 subNeronisprincipatu(Tacit.Xlll,

372 3552 405 3622 t).
417 3553 508 3602 Exstat
520 3547 593 3618 apud
605 3550 684 3600 Dion.
697 3550 758 3615 LX,
772 3549 821 3616 34,
833 3549 872 3600 fa·

368 3643 442 3682 ctum
456 3631 512 3698 ejus
525 3627 631 3694 nobile,
644 3645 741 3698 quum,
756 3629 872 3679 immisso

368 3708 418 3762 sibi
433 3722 496 3779 post
510 3705 614 3758 Claudii
631 3719 742 3757 mortem
761 3726 870 3778 percus·

368 3806 428 3841 sore
437 3826 445 3854 ,
454 3803 559 3848 omnes,
571 3803 627 3857 qua
639 3786 666 3836 in
677 3802 725 3836 sna
738 3799 814 3836 erant
823 3804 874 3856 po-

368 3881 478 3931 testate,
494 3865 646 3936 quibusque
661 3876 763 3916 secreta
777 3862 873 3917 adver-

367 3968 412 4001 sus
444 3947 617 4018 Agrippinam
649 3944 873 4012 continebantur,

368 4026 472 4080 Claudii
483 4026 571 4076 literas
584 4025 748 4077 cremaverit.

403 4125 429 4178 9.
449 4108 486 4158 Et
505 4103 657 4157 Pallantem
681 4123 698 4155 a
721 4104 871 4156 rationibus.

368 4189 462 4252 lianc,
477 4183 605 4236 ducende
620 4184 771 4254 Agrippinas
785 4195 812 4235 et
824 4182 872 4236 ad·

368 4265 479 4339 optandi
492 4261 609 4317 Neronis
618 4276 770 4330 auctorem,
782 4281 861 4334 super

918 3149 991 3220 quod
1000 3151 1127 3202 Suetonio
1138 3151 1385 3222 frequentissimum
1399 3173 1431 3205 ex

918 3230 1025 3298 optimis
1035 3229 1119 3281 Codd.
1133 3242 1159 3281 et
1169 3229 1322 3282 Casauboni
1333 3247 1431 3283 aucto-

917 3309 995 3359 ritate
1007 3311 1150 3360 Burmann.
1165 3321 1191 3360 ct
1200 3307 1327 3362 Oudend.
1339 3309 1431 3362 admi·

918 3406 991 3454 sere,
1012 3387 1082 3457 vulg.
1103 3391 1191 3440 ontari
1203 3427 1211 3454 ,
1236 3389 1310 3460 quod
1332 3390 1430 3443 Graeco

918 3486 992 3519 more
1007 3468 1166 3519 ornamentis
1176 3470 1343 3538 jungeretur.

953 3549 1047 3600 XXIX.
1064 3567 1087 3601 r.
1106 3549 1140 3600 Ut
1153 3549 1225 3610 dixi3
1238 3568 1298 3621 cap.
1317 3548 1366 3615 25,
1379 3550 1431 3603 fin.

918 3626 1037 3679 Delenda
1049 3626 1104 3679 haec
1114 3626 1194 3679 verba
1205 3627 1347 3699 judicabat
1361 3631 1431 3681 Tor-

919 3720 1028 3758 renuas.

955 3787 1430 3861 2.NonPriacipem,sedministrum

918 3868 978 3941 egit.
995 3867 1161 3934 Delevimus‚
1181 3868 1255 3939 quod
1272 3869 1329 3920 lieri
1340 3872 1430 3941 jusse-

918 3961 979 3999 rant
992 3948 1111 4000 Graevius
1128 3962 1154 4000 et
1170 3949 1311 4017 Oudend.,
1325 3969 1352 4002 se
1364 3965 1429 4022 post

918 4027 1085 4098 Principem,
1104 4041 1195 4078 natum
1211 4048 1225 4080 e
1240 4031 1363 4099 proximo
1379 4049 1430 4081 vo-

918 4105 1430 4177 cab.sed.Nunquamseaddereinhac

917 4183 1034 4237 dictione
1045 4187 1188 4252 Nostrum,
1206 4188 1331 4258 exempla
1341 4188 1430 4262 pluri·

919 4283 961 4318 ma
979 4277 1056 4328 sunt,
1076 4283 1163 4335 neque
1184 4263 1337 4319 addendum
1353 4287 1428 4332 esse,
