3066 5148
376 520 421 584 80
738 521 787 582 Ὀ,
811 517 1003 584 SUETON
1011 516 1045 582 ll

376 623 619 712 restituturum.
643 642 747 711 Unde
761 647 928 727 existimo,
947 641 1130 712 nonnullos
1151 643 1283 712 tradere
1303 665 1420 724 ausos,

376 772 573 847 suspectum
595 778 674 821 eum
696 761 864 846 Augusto,
887 771 1147 848 revocatamque
1169 779 1213 822 ex
1232 756 1422 847 pruvincia,

375 883 427 947 et,
438 870 517 961 quia
526 881 754 946 cunctaretur,
767 868 990 957 interceptum
1001 889 1141 932 veneno.
1153 864 1254 950 Quod
1264 863 1423 959 equidem

377 982 501 1070 magis,
516 1003 559 1045 ne
573 980 879 1072 praetermitterem,
893 977 1009 1060 retuli,
1025 1001 1129 1071 quam
1141 979 1221 1071 quia
1231 1001 1352 1043 venam
1367 991 1425 1042 aut

378 1087 556 1156 uerisimile
575 1103 706 1181 putem,
726 1109 833 1182 quum
847 1093 1017 1178 Augustus
1035 1103 1129 1153 tanto
1144 1109 1248 1178 opere
1261 1102 1297 1152 et
1308 1087 1424 1152 vivum

375 1194 548 1278 dilexerit,
571 1213 610 1264 ut
632 1195 833 1289 coheredem
856 1219 988 1288 semper
1009 1195 1086 1266 liliis
1110 1198 1313 1278 instituerit,
1337 1197 1425 1261 sicut

376 1307 548 1403 quondam
561 1312 598 1374 in
615 1313 739 1376 Senatu
756 1309 928 1400 professus
944 1325 1015 1390 est,
1033 1325 1068 1374 et
1082 1307 1282 1375 defunctum
1301 1310 1349 1374 ita
1362 1331 1423 1398 pro

376 1423 537 1486 concione
558 1416 760 1500 laudaverit,
784 1436 822 1485 ut
842 1425 929 1486 Deos
951 1434 1107 1510 precatus
1131 1421 1189 1501 sit,
1217 1417 1372 1484 «similes
1394 1419 1424 1482 ei

268 1615 271 1623 1
375 1535 524 1596 Caesares
535 1553 615 1595 suos
627 1528 791 1609 facerent,
804 1527 934 1622 sibique
945 1544 1014 1595 tam
1026 1527 1206 1595 honestum
1218 1525 1425 1621 quandoque

375 1642 504 1706 exitum
515 1637 649 1718 darent,
664 1662 766 1732 quam
782 1636 830 1703 illi
842 1635 1024 1704 dedissent.
1038 1669 1051 1698 ι
1075 1643 1143 1704 Nec
1158 1652 1340 1704 contentus
1355 1635 1424 1702 clo-

375 1750 469 1836 giam
483 1746 614 1814 tumulo
626 1743 699 1837 ejus
711 1745 863 1813 versibus
878 1771 900 1812 a
916 1770 952 1814 se
964 1749 1163 1840 compositis
1177 1747 1423 1838 exsculpsisse,

375 1861 477 1924 etiam
489 1860 564 1924 vitae
581 1859 778 1923 memoriam
790 1879 891 1950 prosa
907 1860 1058 1926 oratione
1072 1861 1275 1950 composuit.
1291 1861 1341 1924 Ex
1357 1861 1425 1922 An·

377 1973 468 2036 tonia
482 1973 610 2036 minore
622 1967 813 2060 complures
829 1967 965 2062 quidem
977 1968 1100 2036 liberos
1114 1968 1207 2051 tulit;
1222 1991 1343 2036 verum
1354 1983 1423 2034 tres

373 2085 515 2148 omnino
526 2079 676 2175 reliquit,
687 2083 942 2161 Germanicum,
957 2081 1128 2163 Livillam,
1140 2079 1332 2148 Claudium.

422 2197 465 2257 ll.
491 2189 764 2290 Claudiusqnatus
781 2205 851 2296 est,
870 2187 943 2256 Iulo
962 2193 1123 2274 Antonio,
1142 2189 1246 2258 Fabio
1264 2189 1423 2257 Africano

373 2297 612 2380 consulibua,
631 2296 790 2364 Kalendis
806 2301 978 2388 Augustis,
999 2299 1190 2391 Lugduni²,
1206 2323 1247 2366 eo
1261 2302 1336 2390 ipso
1350 2298 1424 2380 dic,

373 2553 449 2606 liber.
460 2554 500 2605 At.
511 2554 719 2627 quandocunque
728 2568 824 2625 posset,
834 2556 874 2608 vel
918 2560 1003 2628 pteris
1011 2557 1051 2610 vel
1062 2557 1162 2610 librarii
1171 2575 1259 2609 errore
1269 2555 1427 2621 adhesisse',

372 2635 528 2707 quandoque
541 2635 727 2697 restitutio-am,
743 2637 765 2686 εἰ
777 2647 873 2706 posset,
915 2637 1038 2705 judicant
1052 2639 1123 2707 lips.
1138 2637 1158 2688 l.
1172 2656 1196 2688 e.
1215 2636 1355 2708 Sigonius,
1370 2635 1426 2686 Ca·

374 2725 533 2783 utriunque,
550 2712 652 2782 siquid
663 2711 755 2778 vitleo,
770 2731 802 2765 ex
813 2732 873 2765 cor-
917 2715 992 2766 saub.
1010 2713 1061 2768 Sed
1080 2718 1138 2785 jure
1156 2713 1276 2766 defendit
1294 2715 1428 2764 Nostrum

373 2794 501 2844 rectione.
916 2795 1032 2846 Graevius
1046 2813 1079 2845 ex
1095 2794 1183 2846 indice
1196 2792 1345 2846 Consulum
1362 2805 1428 2844 ante

410 2875 440 2924 ll.
459 2890 481 2924 t.
493 2871 553 2924 Iulo
565 2871 694 2936 Amouio,
707 2873 785 2924 Fabio
797 2874 873 2944 Afri-
917 2873 1010 2924 Dionis
1027 2871 1123 2924 librum
1139 2874 1204 2938 LlV,
1225 2873 1273 2924 ubi
1288 2879 1315 2922 K.
1336 2868 1428 2932 Φάβιοι

372 2971 439 3004 cano
456 2950 621 3012 Consualium
640 2969 701 3002 ann.
721 2951 781 3020 744.
800 2952 873 3003 Gon·
917 2959 942 3000 tt.
958 2949 989 3002 ai.
1003 2949 1134 3023 'nupturis
1152 2951 1263 3016 dieitur,
1278 2965 1307 3003 et
1327 2971 1360 3004 ex
1373 2953 1428 3005 Ex·

371 3033 450 3083 sentit
463 3033 530 3096 Dio,
544 3029 605 3095 Lx,
620 3048 652 3095 a,
667 3022 708 3096 iq«
721 3030 871 3083 aeneatoris
915 3045 1000 3101 cet-pt.
1017 3032 1116 3084 Chaon.
1135 3031 1233 3084 Enseb.
1251 3049 1267 3084 a
1281 3031 1426 3103 Scaligero

370 3108 421 3163 ι’τος
429 3107 469 3163 eie
479 3106 579 3168 tuan,
590 3125 670 3177 quum
681 3109 819 3179 imperium
829 3127 871 3159 ca·
915 3110 1071 3180 publicatis,
1080 3130 1111 3162 ex
1121 3127 1203 3162 nume
1211 3110 1328 3182 deniqne
1339 3127 1426 3162 aureo
1500 3115 1504 3135 ¹

372 3186 871 3258 pesseretann.794.1lulusautem(hoc
914 3189 1426 3260 apudGoltzium,inquo,lul.Antort.

370 3267 442 3316 enim
456 3285 610 3335 praenomen
623 3282 673 3336 pro
686 3264 761 3316 Julio
773 3283 803 3316 ex
816 3268 871 3316 llo·
915 3269 954 3318 M.
968 3269 996 3318 F.
1011 3269 1042 3337 Q
1053 3270 1110 3318 Mat.
1121 3268 1241 3339 African.
1252 3268 1376 3338 Lipsiutn
1386 3286 1428 3320 re·

372 3355 421 3393 rat.
439 3345 527 3394 Carni.
546 3344 589 3408 lv,
610 3361 642 3409 ι,
659 3359 692 3406 a,
712 3345 735 3392 ei
753 3357 871 3394 asserunt
915 3346 1056 3415 prehendit
1068 3348 1146 3398 etiam
1159 3346 1264 3398 lleines.
1278 3346 1314 3398 ad
1327 3349 1428 3418 margi-

371 3421 443 3489 Lips.
459 3418 491 3469 ad
509 3419 592 3469 Tacit.
611 3419 705 3470 Annal.
720 3423 747 3483 l',
768 3438 814 3486 to,
828 3423 870 3472 in·
914 3441 990 3490 nem,
1005 3423 1041 3487 oh
1053 3425 1172 3476 Africani
1186 3441 1322 3494 agnomen
1337 3426 1428 3477 Anto-

372 3509 453 3566 terpr.
471 3494 507 3545 tul
530 3508 612 3546 nostr.
633 3496 737 3562 locum,
756 3498 868 3548 Reimar.
914 3503 958 3552 nio
975 3515 1074 3555 temere
1088 3504 1252 3573 impositum.

370 3576 406 3626 nd
416 3577 494 3625 Dion.
507 3577 572 3638 Ltv,
583 3575 616 3625 26
627 3589 652 3626 et
662 3576 709 3641 36,
723 3589 748 3627 et
757 3578 809 3641 LV,
822 3595 867 3643 to,
949 3597 974 3632 a.
993 3582 1123 3652 luqduui.
1137 3581 1252 3647 Seneca,
1267 3583 1295 3632 in
1312 3582 1427 3653 Apoec-

371 3668 398 3704 et
408 3671 475 3723 quos
483 3649 547 3702 alios
559 3651 648 3702 laudat
659 3654 753 3704 Krane.
762 3653 795 3704 ad
803 3655 868 3707 Vell.
913 3657 1011 3728 locqnt.
1027 3659 1171 3730 «Lugduni
1185 3675 1264 3713 natus
1276 3673 1341 3712 est..
1351 3699 1373 3712 ..
1390 3661 1427 3714 ad

371 3732 408 3790 ΙΙ,
425 3730 487 3800 roo)
501 3731 537 3779 M.
549 3731 658 3782 Antonii
665 3732 803 3782 Triumviri
815 3747 870 3784 erat
913 3736 972 3787 xvt
986 3736 1102 3807 lapidem
1122 3757 1137 3789 s
1150 3741 1255 3789 Vienna
1273 3751 1355 3790 natus
1374 3757 1426 3792 est.

370 3807 454 3872 lilius,
463 3808 499 3858 ob
508 3806 663 3858 adulterium
673 3826 733 3858 eum
743 3808 812 3860 lulla
820 3813 870 3861 Au·
910 3815 1003 3867 Gallus
1013 3835 1162 3887 germanus.
1172 3819 1266 3890 ltaque
1277 3817 1354 3890 quod
1364 3819 1428 3872 Gal-

368 3887 441 3955 gusti
459 3883 512 3936 lilia
523 3898 633 3936 necatus
646 3903 706 3936 ann.
725 3887 793 3955 75²=
810 3887 869 3940 vide
913 3893 967 3945 lum
979 3896 1067 3947 facere
1080 3897 1237 3968 oportebat,
1249 3897 1367 3949 Romam
1384 3917 1427 3952 ce-

370 3969 449 4017 Dion.
467 3966 549 4017 Tacit.
567 3965 632 4016 Vell.
648 3965 712 4016 loeis
727 3967 772 4016 cit.
787 3966 868 4020 Alteri
910 3973 966 4043 pit,
981 3987 1031 4026 ete.
1044 3998 1055 4022 ι
1069 4005 1103 4014 -
1116 3977 1156 4028 De
1168 3995 1216 4028 ara
1231 3975 1347 4049 Auqustt'
1360 3979 1425 4030 tide

365 4045 583 4113 consumatio
595 4043 867 4115 Maximo(ntdieitur
911 4048 944 4101 ad
957 4050 1040 4122 Calig.
1059 4069 1101 4105 ao.
1119 4055 1231 4106 Biennio
1248 4067 1340 4107 autem
1359 4071 1425 4109 ante

370 4122 864 4195 Dion.LIV,36),Asricauiaqnomen,
911 4127 1014 4181 (llaudii
1038 4131 1140 4184 natales
1164 4131 1237 4184 illam
1263 4132 1424 4188 dedicatum

364 4202 441 4271 quotl
452 4204 485 4254 ad
495 4201 638 4256 Antonium
649 4204 792 4273 pertineat,
804 4207 865 4256 seri·
910 4206 1008 4275 fuisse,
1021 4209 1227 4262 aniiiuenarium
1244 4211 1328 4282 igitur
1342 4212 1424 4266 dedi·
