3048 5142
337 453 420 560 ‘244
725 478 761 540 c
787 477 1017 542 snuronn

354 598 566 672 consulatus⁶
579 600 728 668 infensus
741 600 830 668 Iulio
842 605 981 684 Caesari,
995 599 1091 693 cujus
1099 601 1227 694 legatus
1238 605 1274 669 in'
1284 600 1390 670 Gallia

265 738 270 749 ¹
354 712 480 793 hierar,
494 711 716 803 conspiravit⁷
736 734 814 778 cum
831 714 943 778 Cassio
963 727 996 776 et
1012 717 1284 804 Brutozpropter
1301 711 1391 806 quod

356 820 456 888 Pedia
470 821 544 912 lege
556 819 734 887 damnatus
747 837 808 887 est.
827 820 876 886 Ab
888 820 953 887 hoc
965 836 1043 888 sunt
1054 825 1264 914 imperatoris
1278 821 1391 890 Galbae

355 957 437 999 avus
455 947 489 999 et
502 948 606 1024 pater.
626 937 715 998 Avus
735 931 858 998 clarior
875 931 992 998 studiis
1009 957 1111 1026 quam
1130 931 1307 1024 dignitate:
1325 956 1393 999 non

357 1045 447 1110 cuim
470 1065 622 1133 egressus
641 1056 797 1133 praeturae
813 1040 969 1132 gradum,
988 1036 1207 1134 multiplicem
1224 1065 1287 1108 nec
1306 1045 1394 1108 incu-

357 1155 480 1221 riosam
491 1151 663 1218 historiam
676 1149 788 1218 edidit.
803 1156 899 1218 Pater
909 1150 1085 1219 consulatu
1095 1149 1269 1232 functusl,
1282 1174 1394 1244 quam·

359 1289 461 1359 quam
476 1262 568 1331 brevi
583 1286 734 1362 corpore,
749 1278 849 1356 atque
864 1265 963 1330 ctiam
977 1260 1127 1352 gibber9,
1142 1260 1348 1355 modicaeque
1361 1265 1396 1328 iu

360 1374 502 1443 dicendo
521 1372 700 1452 facultatis,
718 1396 835 1439 causas
849 1373 1011 1450 industrie
1029 1375 1185 1440 actitavit.
1200 1377 1330 1438 Uxores
1342 1372 1396 1440 ha·

359 1487 434 1554 buit
445 1486 643 1552 Mummiam
654 1482 845 1565 Achaicam,
858 1500 993 1577 neptem
1004 1483 1130 1565 Catuli,
1145 1500 1344 1575 proneptem
1357 1488 1395 1550 L.

360 1599 532 1678 Mummii,
545 1598 602 1688 qui
612 1594 811 1663 Corinthum
821 1594 958 1664 excidit:
972 1599 1052 1663 item
1063 1599 1190 1663 Liviam
1200 1595 1396 1674 Ocellinam,

361 1709 464 1777 ditem
484 1707 666 1775 admodum
687 1723 721 1772 et
743 1706 936 1798 pulchram:
959 1732 979 1773 a
1000 1733 1067 1800 qua
1088 1724 1201 1774 tamen
1219 1707 1398 1774 nobilitatis

361 1844 462 1888 causa
479 1820 646 1911 appetitus
663 1816 752 1885 ultro
774 1820 995 1900 existimatur,
1014 1835 1047 1885 et
1064 1817 1237 1912 aliquanto
1253 1819 1398 1898 enixius,

361 1948 542 2024 postquam
554 1928 696 1996 subinde
709 1931 846 1996 instanti
857 1931 975 1996 vitium
990 1931 1137 2021 corporis
1152 1945 1279 1996 secreto
1293 1930 1401 2020 posita

363 2057 455 2108 veste
477 2040 620 2122 detexit,
644 2065 687 2106 ne
713 2041 809 2134 quasi
832 2043 983 2131 ignaram
1006 2039 1120 2106 fallere
1143 2039 1322 2106 videretur.
1352 2043 1402 2106 Ex

365 2150 506 2218 Achaica
524 2150 663 2234 liberos,
676 2153 791 2216 Caium
808 2165 841 2216 et
854 2154 1018 2232 Servium,
1034 2153 1229 2242 procreavit.
1250 2156 1403 2236 Quorum

365 2258 473 2351 major
487 2263 584 2327 Gaius
596 2261 715 2326 attritis
732 2258 944 2326 factdtatibus
959 2258 1050 2326 Urbe
1068 2262 1183 2327 cessit:
1199 2259 1402 2351 prohibitus-

365 2443 453 2478 rcrem
467 2427 611 2489 Torrentii,
627 2389 801 2495 eumdemque
814 2426 864 2476 Fa·
908 2438 938 2477 ut
949 2427 998 2492 III,
1015 2443 1025 2481 t
1041 2443 1095 2496 seq.
1110 2436 1137 2476 et
1148 2426 1227 2476 Dion.
1240 2425 1365 2490 XXXIX,
1377 2423 1402 2490 4.

367 2503 443 2554 bricii
451 2501 485 2553 ad
496 2505 573 2555 Oros.
583 2503 631 2567 IV,
643 2503 733 2554 auct.
745 2502 865 2554 etValer.
945 2521 968 2573 7.
990 2503 1165 2575 Conspiraoit,
1177 2516 1227 2554 etc.
1245 2503 1405 2554 Nominatnr

367 2584 438 2634 Max.
454 2580 645 2650 IX,6,2,qut
657 2591 750 2651 septem
763 2592 866 2631 tantum
908 2581 978 2632 inter
992 2585 1144 2652 conjuratos
1159 2580 1191 2632 ab
1208 2581 1321 2652 Appian.
1342 2581 1404 2633 cett.
1509 2621 1516 2636 .

367 2656 455 2709 millia
474 2675 488 2707 a
502 2655 586 2707 Galba
605 2659 702 2727 partim
719 2655 865 2722 trucidata,
909 2661 964 2712 civ.
977 2663 1014 2727 II,
1029 2662 1086 2712 113.
1097 2661 1203 2726 Cicero,
1213 2660 1326 2732 Philipp.
1336 2661 1406 2728 XIII,

369 2737 464 2808 partim
478 2735 580 2787 vendita
592 2735 667 2800 dicit,
683 2749 713 2786 ut
726 2749 864 2805 corruptus
913 2742 957 2807 16,
964 2740 1406 2812 fortissimumetconttantissimnm

368 2816 425 2869 fere
433 2817 460 2867 in
467 2816 593 2868 Suetonio
604 2832 727 2866 numerus
737 2812 865 2881 videatur,
910 2821 990 2872 civem
998 2819 1069 2871 dicit.
1084 2822 1146 2888 Ejus
1155 2817 1262 2890 epistola
1272 2831 1311 2870 est
1319 2819 1354 2870 ad
1363 2819 1407 2871 Ci-

371 2909 441 2948 cene
458 2896 562 2947 nimius.
585 2894 663 2946 Plura
683 2893 789 2944 omniuo
808 2892 866 2944 vide
911 2915 1033 2951 neronem
1047 2898 1081 2950 de
1095 2898 1184 2968 praelio
1199 2898 1359 2964 Mutinensi,
1379 2901 1407 2949 in

370 2973 442 3045 apud
450 2975 573 3026 Pitiscum
586 2973 620 3025 ad
631 2986 701 3025 nost·
711 2970 761 3023 loc·
775 2984 801 3024 οἱ
810 2973 867 3023 Du·
911 2977 1076 3044 collectione,
1084 2977 1408 3046 libriXtrigesima.—De

369 3053 424 3106 Iter.
436 3052 470 3103 ad
481 3056 535 3105 Lir.
547 3053 616 3124 Epit.
629 3051 717 3104 XLIX.
912 3056 967 3130 leqe
978 3057 1060 3109 Pedia
1071 3057 1129 3108 vide
1139 3059 1237 3110 Neron.
1248 3058 1273 3108 3.

407 3131 431 3184 6·
455 3128 869 3202 Obrepullssm⁰⁰n⁵²⁴l⁰llls·fll¹”
947 3138 973 3189 8.
995 3137 1075 3188 Pater
1089 3135 1225 3188 consulatu
1234 3135 1353 3206 functam.
1377 3137 1408 3188 G.

371 3209 717 3278 tius,Bell.Gall.VllI,50,
730 3222 868 3280 «ereptum
912 3215 1056 3285 Sulpicium
1075 3213 1186 3266 Galbam
1205 3212 1326 3285 intelligit
1343 3215 1410 3268 'I'or-

372 3291 443 3342 Serv.
469 3289 557 3341 Galbae
580 3286 767 3344 consulatum»
791 3286 867 3350 dicit,
912 3297 1025 3361 rentius,
1044 3292 1185 3344 Consulem
1201 3311 1260 3344 anu.
1279 3294 1330 3366 775
1348 3313 1410 3347 cum

377 3367 470 3440 «quoti
484 3370 579 3421 Caesttt'l
590 3370 746 3437 conjunctus
759 3379 784 3417 εἰ
795 3367 870 3417 faml-
914 3375 1021 3424 Haterio
1029 3374 1159 3444 Agrippa,
1168 3384 1344 3442 ‘quemnamen
1354 3373 1411 3425 fra.

372 3450 485 3502 liaritate
495 3461 520 3500 et
530 3446 721 3499 necessitudine
731 3445 869 3518 legationis
913 3466 992 3519 trem,
1000 3471 1052 3505 non
1066 3465 1166 3522 patrem
1177 3452 1345 3521 ImperatorIs
1353 3471 1411 3504 esse

373 3530 501 3592 fuissem
515 3527 584 3578 unde
593 3525 725 3597 duplicem
738 3524 869 3597 repulsam
913 3544 990 3602 putat
996 3529 1070 3600 Pigh.
1077 3529 1171 3581 Annal.
1180 3543 1242 3580 tom.
1251 3531 1285 3580 III
1294 3569 1302 3596 ,
1312 3550 1339 3601 p.
1349 3529 1409 3583 552.

374 3605 486 3658 Galbam
510 3603 618 3670 tulisse,
650 3606 741 3655 statuit
766 3603 869 3656 Ruben.
915 3608 979 3662 Vide
991 3610 1107 3679 proxime
1121 3607 1246 3660 notanda.

375 3685 457 3737 Elect.
468 3686 492 3748 I,
506 3701 552 3753 273
563 3685 694 3753 priorem,
707 3679 740 3733 de
751 3701 801 3752 qua
812 3684 870 3732 Ilir-
950 3705 975 3756 9.
1003 3689 1220 3758 Quamquam...
1239 3695 1317 3757 atque
1333 3689 1412 3739 etiam

375 3767 442 3829 tius,
451 3763 561 3813 inimicis
571 3761 678 3812 Caesaris
687 3759 870 3825 tribuendam,
913 3766 1008 3838 qibber,
1018 3779 1067 3816 etc.
1080 3763 1271 3832 Macrob.11,4,
1283 3766 1413 3818 «informe

376 3845 484 3898 alterum
494 3845 594 3896 Ctesarc
606 3841 752 3907 Dictatore,
770 3839 804 3891 de
819 3860 870 3911 qua
914 3845 996 3916 gibbo
1006 3863 1120 3916 corpus»
1133 3847 1156 3895 ei
1168 3845 1260 3911 fuisse,
1275 3857 1299 3896 et
1307 3865 1368 3917 cap.
1380 3845 1413 3912 6,

376 3925 761 3984 Suetoniusb.l.ItIconfirmar‘I
769 3926 872 3978 videtur
919 3923 1087 3996 «eloquentia
1102 3923 1222 3976 clarum»
1243 3923 1322 3989 dicit,
1344 3925 1416 3978 «sed

375 4010 461 4064 verbis
482 4009 584 4073 Nostri,
611 4007 705 4076 «cujus
725 4005 870 4076 legatus...
917 4002 1412 4077 queruhabituscorpotisdestrueret·
1448 4059 1449 4062 Ἴ

371 4093 486 4162 fuerat.»
497 4091 750 4140 Memoraturautem
758 4085 871 4138 hicGal-
916 4084 988 4136 Idem
1002 4084 1114 4154 Augusti
1130 4096 1157 4135 et
1169 4083 1205 4134 Μ.
1217 4082 1296 4134 Lollii
1310 4083 1337 4133 iu
1352 4102 1415 4136 eum

378 4169 547 4242 basepiusin
557 4163 873 4232 commentariisCaesaris,
913 4166 990 4234 jocos
1007 4165 1119 4216 servavit
1135 4177 1161 4215 et
1173 4160 1266 4218 Orbilii
1281 4178 1416 4232 gramma-
