3054 5152
368 547 429 611 13ss
739 547 774 610 C.
801 545 1036 613 SUE'IONII

362 689 438 741 sent
457 671 614 766 perdere,
638 672 751 742 divisis
768 674 937 766 partibus,
961 675 1046 742 alter
1065 693 1143 743 ante
1163 672 1274 743 lucem
1297 677 1427 744 similis

362 787 501 852 attonito
520 787 653 876 patroni
673 785 866 851 cubiculum
883 789 1019 879 irrupit,
1039 785 1213 854 affirmans
1228 789 1427 856 somniasse

363 918 415 978 se,
431 896 499 962 vim
514 897 544 961 ei
556 893 599 960 ab
612 895 719 985 Appio
730 892 874 961 illatam:
888 894 1009 976 altera,
1026 898 1061 962 in
1075 896 1337 965 admirationem
1357 897 1427 964 for·

363 1020 469 1084 mata,
485 1003 548 1070 sibi
561 1001 696 1097 quoque
711 1002 855 1070 eandem
869 1007 1015 1097 speciem
1032 1005 1161 1101 aliquot
1169 1003 1240 1098 jam
1260 1007 1425 1076 noctibus

363 1115 552 1192 obversari,
572 1114 695 1182 retulit.
717 1120 786 1182 Nec
803 1116 910 1184 multo
931 1134 1010 1210 post
1029 1141 1070 1184 ex
1091 1121 1276 1211 composito
1297 1121 1426 1186 irrum-

363 1251 444 1321 pere
456 1231 584 1320 Appius
598 1229 793 1308 nunciatuS,
812 1230 865 1294 cui
881 1228 1008 1320 pridie,
1025 1227 1068 1294 ad
1081 1227 1115 1294 id
1132 1232 1296 1322 temporIs
1314 1248 1356 1297 ut
1366 1230 1427 1297 ad-

363 1355 473 1420 esset,
500 1353 708 1430 praeceptum
736 1355 829 1420 erat,
861 1341 955 1433 quasi
985 1338 1087 1432 plane
1116 1357 1426 1432 repraesentaretur

363 1451 484 1515 somnii
499 1447 600 1528 fides,
616 1451 739 1516 arcessi
754 1451 863 1515 statIm
878 1474 918 1516 ac
933 1452 1018 1516 mori
1032 1447 1147 1541 jussus
1161 1465 1221 1517 est.
1237 1454 1312 1521 Nec
1326 1449 1427 1518 dubi·

363 1563 445 1628 tavit
457 1577 592 1653 postero
605 1559 659 1628 die
670 1560 846 1644 Claudius,
859 1561 1012 1629 ordinem
1024 1564 1072 1628 rei
1088 1579 1189 1653 gestae
1202 1563 1362 1656 perferre
1380 1561 1425 1630 ad

364 1674 539 1754 Senatum,
561 1695 601 1738 ac
622 1669 741 1738 liherto
761 1674 883 1764 gratias
902 1696 1019 1764 agere,
1040 1671 1133 1766 quod
1151 1696 1214 1765 pro
1231 1673 1345 1740 salute
1361 1695 1424 1742 sua

364 1783 464 1848 etiam
478 1780 648 1849 dormiens
664 1781 852 1848 excubaret.

409 1895 592 1958 XXXVIII.
620 1898 682 1959 lrae
700 1910 800 1985 atque
818 1889 998 1960 iracundiae
1017 1895 1170 1961 conscius
1188 1893 1269 1975 sibi,
1287 1911 1427 1962 utrum-

363 2012 445 2096 que¹
467 2005 638 2070 excusavit
658 2002 782 2086 edicto;
802 2002 1035 2099 distinxitque‚
1057 2005 1225 2097 pollicitus
1249 2007 1422 2074 “alteram

364 2111 501 2207 quidem
527 2113 685 2181 brevem²
714 2131 747 2180 et
771 2102 963 2196 innoxiam,
991 2114 1132 2182 alteram
1159 2140 1229 2183 non
1254 2116 1423 2210 injustam

364 2221 471 2289 fore.»
493 2224 722 2304 Ostiensibus,
745 2226 823 2317 quia
843 2225 905 2291 sibi
924 2223 1081 2292 subeunti
1102 2225 1251 2292 Tiberim
1271 2226 1422 2320 scaphas

364 2333 497 2399 obviam
509 2357 579 2399 non
591 2335 757 2417 miserint,
773 2336 917 2424 graviter
931 2337 1109 2427 correptis,
1123 2358 1229 2429 eaque
1240 2361 1322 2404 cum
1336 2340 1423 2406 invi-

364 2440 437 2526 dia,
459 2461 514 2524 ut,
541 2447 600 2511 «in
622 2441 776 2511 ordinem
797 2469 833 2511 se
857 2441 1045 2525 coactum³,
1058 2476 1071 2504 n
1097 2445 1344 2528 conscriberet,
1367 2473 1421 2516 re·

331 2571 335 2576 '
364 2571 483 2648 pente,
505 2573 634 2622 tantmn
653 2580 720 2623 non
744 2555 992 2624 satisfacientisl
1011 2554 1131 2638 modo,
1153 2559 1288 2625 veniam
1310 2557 1418 2627 dedit.

364 2822 455 2874 scribit
469 2825 536 2892 Dio,
550 2825 612 2891 LX,
630 2826 670 2892 14,
687 2828 765 2878 -In
777 2829 862 2879 admi·

364 2905 491 2956 rationem
497 2905 633 2977 formata,
648 2907 721 2958 vultu
734 2907 766 2960 ad
781 2907 863 2960 admi-

363 2983 492 3034 rationem
507 2984 666 3054 composito.

398 3061 538 3113 XXXVIII.
553 3078 575 3112 r.
590 3061 739 3134 Utrumque.
752 3059 864 3130 Subjun·

362 3140 433 3208 gitur
442 3153 564 3191 neutrum
575 3139 680 3194 duobus
688 3141 821 3192 femininis
832 3159 863 3192 ex

361 3220 577 3290 frequentissimo
592 3221 743 3272 Graecorum
753 3219 863 3270 Latino·

362 3315 474 3368 rumque
482 3317 541 3350 usu.
550 3298 863 3352 VideBurmann.etOu-

363 3376 442 3430 dend.
457 3379 669 3432 Codices'tameu
684 3381 820 3446 nonnulli,
835 3383 862 3432 in

362 3457 404 3510 his
417 3457 607 3526 MemmIanus,
619 3473 753 3533 utramque
762 3480 793 3512 ex
805 3479 863 3512 cor·

363 3550 490 3591 rectione.

399 3635 423 3670 a.
438 3617 556 3670 Alteram
568 3619 672 3692 quidem
685 3621 799 3688 breem,
812 3635 861 3672 etc.

363 3697 536 3750 iracundiam.

398 3777 423 3829 3.
443 3777 477 3828 In
494 3777 610 3830 ordinem
626 3797 652 3830 se
669 3791 800 3841 mactum,-
816 3779 864 3832 de-

363 3870 496 3928 spectum,
513 3861 658 3908 contemtui
669 3855 797 3909 habitum.
812 3859 865 3908 l.0-

908 2827 989 2882 verbo
1002 2828 1167 2881 conscriberet
1178 2839 1269 2899 patet,
1284 2826 1420 2882 codicillis

909 2927 956 2960 seu
964 2907 1047 2960 literis
1062 2921 1198 2978 conseptos
1209 2909 1293 2958 fuisse
1306 2910 1419 2962 Ostien-

908 3005 965 3052 ses,
979 3001 1004 3037 et
1015 2989 1102 3057 possis
1115 2985 1245 3056 explicare
1257 2988 1420 3038 conscribere

908 3085 956 3136 per
979 3063 1057 3118 simul
1081 3065 1214 3130 scribere,
1241 3063 1418 3133 adscribere,

909 3142 1054 3212 συγγράφων
1063 3163 1111 3214 pro
1119 3139 1290 3212 προσγράφων,
1300 3143 1374 3194 unde
1383 3143 1419 3195 al.

908 3223 1419 3295 eglossaadscriberet,Burmannusque

907 3303 1028 3375 adjiceret
1039 3302 1079 3354 vel
1093 3303 1215 3374 objiceret
1229 3301 1348 3371 conjicit.
1363 3301 1418 3353 Sed

909 3384 1017 3433 omnino
1031 3394 1101 3432 amat
1113 3383 1152 3430 uti
1164 3379 1278 3449 scriptor
1290 3377 1333 3431 bis
1344 3397 1419 3430 com·

907 3463 1001 3532 positis
1018 3479 1068 3531 pro
1089 3458 1269 3530 simplicibus,
1292 3457 1417 3529 neglecta

908 3540 1109 3610 compositionis
1117 3551 1220 3602 natura,
1230 3536 1303 3608 quod
1311 3538 1418 3590 iuGrae·

908 3620 946 3670 cis
957 3619 1209 3690 frequentissimum.
1217 3615 1246 3666 ld
1257 3618 1359 3687 passim
1370 3615 1419 3668 do·
1499 3651 1501 3672 ι

909 3714 969 3750 cent
976 3700 1061 3770 posita
1071 3709 1231 3762 concertare,
1240 3696 1417 3762 condormire,

908 3781 1092 3853 conquiescere,
1101 3776 1233 3847 conqueri,
1241 3775 1416 3843 consalutare,

908 3859 1087 3923 consauciare,
1100 3855 1293 3922 contrucidare,
1307 3870 1358 3909 etc.

362 3940 434 3989 cutio
447 3957 478 3989 ex
491 3937 583 3990 militia
598 3936 695 4004 ducta,
708 3937 755 3989 ubi
768 3937 862 3989 milites
943 3937 968 4003 4.
983 3939 1099 3989 Tantum
1111 3954 1165 3987 non
1176 3934 1375 4006 satisfacientis,·
1387 3933 1416 3986 h.

363 4031 434 4068 extra
459 4016 579 4069 ordinem
605 4036 681 4069 suum
705 4020 732 4069 in
759 4019 863 4088 agmine
908 4035 931 4069 e.
945 4017 1104 4068 excusantis.
1117 4013 1415 4086 VideadCaes.cap.73.

362 4099 461 4166 egressi
481 4116 496 4149 a
518 4095 674 4150 ductoribus
695 4100 721 4148 in
743 4096 863 4148 ordinem
907 4096 1032 4167 ldipsum
1042 4094 1290 4166 perliteraslecisse
1299 4093 1415 4146 videtur.

363 4178 422 4246 cogi
435 4176 567 4228 dicuntur.
580 4178 657 4230 Conf.
671 4177 726 4229 ind.
739 4191 765 4228 et
776 4175 861 4228 Gloss.
907 4179 939 4228 ln
953 4176 1095 4230 Codicibus
1114 4188 1141 4226 et
1160 4172 1235 4226 editt.
1255 4173 1311 4225 brec
1331 4173 1416 4227 verba

362 4256 461 4307 Livian.
476 4258 503 4307 io
518 4256 580 4308 ordo
596 4270 623 4309 et
639 4275 735 4330 coqere.
753 4257 790 4306 Ex
804 4257 862 4328 ipso
909 4257 1001 4308 misere
1012 4268 1211 4326 suntcorrupta
1222 4267 1247 4306 et
1259 4256 1414 4324 transjecta.
