<?xml version="1.0" encoding="UTF-8"?>
<!DOCTYPE html PUBLIC "-//W3C//DTD XHTML 1.0 Transitional//EN"
    "http://www.w3.org/TR/xhtml1/DTD/xhtml1-transitional.dtd">
<html xmlns="http://www.w3.org/1999/xhtml" xml:lang="en" lang="en">
 <head>
  <title>
</title>
<meta http-equiv="Content-Type" content="text/html;charset=utf-8" />
  <meta name='ocr-system' content='tesseract 3.04.00' />
  <meta name='ocr-capabilities' content='ocr_page ocr_carea ocr_par ocr_line ocrx_word'/>
</head>
<body>
  <div class='ocr_page' id='page_1' title='image "./csuetoniitranqu00suetgoog_0142.png"; bbox 0 0 3054 5152; ppageno 0'>
   <div class='ocr_carea' id='block_1_1' title="bbox 383 557 1042 627">
    <p class='ocr_par' dir='ltr' id='par_1_1' title="bbox 383 557 1042 627">
     <span class='ocr_line' id='line_1_1' title="bbox 383 557 1042 627; baseline -0.005 0"><span class='ocrx_word' id='word_1_1' title='bbox 383 559 445 627; x_wconf 71' lang='lat'><strong>126</strong></span> <span class='ocrx_word' id='word_1_2' title='bbox 749 561 784 623; x_wconf 88' lang='lat' dir='ltr'><strong>C.</strong></span> <span class='ocrx_word' id='word_1_3' title='bbox 811 557 1042 626; x_wconf 86' lang='lat' dir='ltr'><strong>SUETONII</strong></span> 
     </span>
    </p>
   </div>
   <div class='ocr_carea' id='block_1_2' title="bbox 379 683 1517 1668">
    <p class='ocr_par' dir='ltr' id='par_1_2' title="bbox 379 683 1518 1670">
     <span class='ocr_line' id='line_1_2' title="bbox 380 683 1425 780; baseline -0.001 -26"><span class='ocrx_word' id='word_1_4' title='bbox 380 688 494 756; x_wconf 74' lang='lat' dir='ltr'><strong>Lolliae</strong></span> <span class='ocrx_word' id='word_1_5' title='bbox 510 686 675 767; x_wconf 71' lang='lat' dir='ltr'><strong>Paulinae,</strong></span> <span class='ocrx_word' id='word_1_6' title='bbox 691 703 768 779; x_wconf 85' lang='lat' dir='ltr'><strong>quae</strong></span> <span class='ocrx_word' id='word_1_7' title='bbox 786 684 822 754; x_wconf 88' lang='lat' dir='ltr'><strong>C.</strong></span> <span class='ocrx_word' id='word_1_8' title='bbox 838 689 959 754; x_wconf 87' lang='lat' dir='ltr'><strong>Caesari</strong></span> <span class='ocrx_word' id='word_1_9' title='bbox 977 704 1082 780; x_wconf 89' lang='lat' dir='ltr'><strong>nupta</strong></span> <span class='ocrx_word' id='word_1_10' title='bbox 1101 683 1219 753; x_wconf 84' lang='lat' dir='ltr'><strong>fuerat.</strong></span> <span class='ocrx_word' id='word_1_11' title='bbox 1241 691 1368 754; x_wconf 86' lang='lat' dir='ltr'><strong>Verum</strong></span> <span class='ocrx_word' id='word_1_12' title='bbox 1386 685 1425 753; x_wconf 92' lang='lat' dir='ltr'><strong>il·</strong></span> 
     </span>
     <span class='ocr_line' id='line_1_3' title="bbox 380 795 1424 891; baseline -0.002 -25"><span class='ocrx_word' id='word_1_13' title='bbox 380 797 518 866; x_wconf 86' lang='lat' dir='ltr'><strong>lecebris</strong></span> <span class='ocrx_word' id='word_1_14' title='bbox 530 798 756 891; x_wconf 74' lang='lat' dir='ltr'><strong>Agrippinae9,</strong></span> <span class='ocrx_word' id='word_1_15' title='bbox 775 798 964 866; x_wconf 80' lang='lat' dir='ltr'><strong>Germanici</strong></span> <span class='ocrx_word' id='word_1_16' title='bbox 983 797 1092 865; x_wconf 83' lang='lat' dir='ltr'><strong>fratris</strong></span> <span class='ocrx_word' id='word_1_17' title='bbox 1112 801 1162 865; x_wconf 86' lang='lat' dir='ltr'><strong>sui</strong></span> <span class='ocrx_word' id='word_1_18' title='bbox 1181 795 1275 878; x_wconf 84' lang='lat' dir='ltr'><strong>filiae,</strong></span> <span class='ocrx_word' id='word_1_19' title='bbox 1290 823 1355 890; x_wconf 91' lang='lat' dir='ltr'><strong>per</strong></span> <span class='ocrx_word' id='word_1_20' title='bbox 1368 795 1424 890; x_wconf 88' lang='lat' dir='ltr'><strong>jus</strong></span> 
     </span>
     <span class='ocr_line' id='line_1_4' title="bbox 380 907 1424 1000; baseline -0.004 -22"><span class='ocrx_word' id='word_1_21' title='bbox 380 909 484 979; x_wconf 92' lang='lat' dir='ltr'><strong>osculi</strong></span> <span class='ocrx_word' id='word_1_22' title='bbox 503 926 537 977; x_wconf 90' lang='lat' dir='ltr'><strong>et</strong></span> <span class='ocrx_word' id='word_1_23' title='bbox 553 907 790 976; x_wconf 80' lang='lat' dir='ltr'><strong>blanditiarum</strong></span> <span class='ocrx_word' id='word_1_24' title='bbox 809 911 1000 976; x_wconf 81' lang='lat' dir='ltr'><strong>occasiones</strong></span> <span class='ocrx_word' id='word_1_25' title='bbox 1018 907 1182 1000; x_wconf 85' lang='lat' dir='ltr'><strong>pellectus</strong></span> <span class='ocrx_word' id='word_1_26' title='bbox 1200 911 1234 974; x_wconf 93' lang='lat' dir='ltr'><strong>in</strong></span> <span class='ocrx_word' id='word_1_27' title='bbox 1252 933 1424 988; x_wconf 84' lang='lat' dir='ltr'><strong>amorem,</strong></span> 
     </span>
     <span class='ocr_line' id='line_1_5' title="bbox 380 1017 1426 1113; baseline -0.004 -25"><span class='ocrx_word' id='word_1_28' title='bbox 380 1018 590 1100; x_wconf 85' lang='lat' dir='ltr'><strong>subornavit,</strong></span> <span class='ocrx_word' id='word_1_29' title='bbox 609 1021 763 1110; x_wconf 85' lang='lat' dir='ltr'><strong>proximo</strong></span> <span class='ocrx_word' id='word_1_30' title='bbox 780 1021 902 1088; x_wconf 83' lang='lat' dir='ltr'><strong>Senatu</strong></span> <span class='ocrx_word' id='word_1_31' title='bbox 920 1021 977 1113; x_wconf 93' lang='lat' dir='ltr'><strong>qui</strong></span> <span class='ocrx_word' id='word_1_32' title='bbox 993 1027 1216 1100; x_wconf 86' lang='lat' dir='ltr'><strong>censerent¹⁰‚</strong></span> <span class='ocrx_word' id='word_1_33' title='bbox 1233 1017 1426 1110; x_wconf 77' lang='lat' dir='ltr'><strong>cogendum</strong></span> 
     </span>
     <span class='ocr_line' id='line_1_6' title="bbox 380 1127 1427 1224; baseline -0.003 -26"><span class='ocrx_word' id='word_1_34' title='bbox 380 1156 416 1199; x_wconf 92' lang='lat' dir='ltr'><strong>se</strong></span> <span class='ocrx_word' id='word_1_35' title='bbox 427 1127 471 1198; x_wconf 89' lang='lat' dir='ltr'><strong>ad</strong></span> <span class='ocrx_word' id='word_1_36' title='bbox 485 1129 677 1198; x_wconf 91' lang='lat' dir='ltr'><strong>ducendum</strong></span> <span class='ocrx_word' id='word_1_37' title='bbox 690 1153 765 1196; x_wconf 90' lang='lat' dir='ltr'><strong>eam</strong></span> <span class='ocrx_word' id='word_1_38' title='bbox 777 1153 933 1211; x_wconf 89' lang='lat' dir='ltr'><strong>uxorem,</strong></span> <span class='ocrx_word' id='word_1_39' title='bbox 951 1131 1047 1224; x_wconf 91' lang='lat' dir='ltr'><strong>quasi</strong></span> <span class='ocrx_word' id='word_1_40' title='bbox 1063 1127 1265 1223; x_wconf 66' lang='lat' dir='ltr'><strong>Reipublicae</strong></span> <span class='ocrx_word' id='word_1_41' title='bbox 1281 1133 1427 1197; x_wconf 81' lang='lat' dir='ltr'><strong>maxime</strong></span> 
     </span>
     <span class='ocr_line' id='line_1_7' title="bbox 380 1235 1426 1336; baseline -0.002 -28"><span class='ocrx_word' id='word_1_42' title='bbox 380 1245 567 1324; x_wconf 86' lang='lat' dir='ltr'><strong>interesset;</strong></span> <span class='ocrx_word' id='word_1_43' title='bbox 588 1238 801 1336; x_wconf 81' lang='lat' dir='ltr'><strong>dandamque</strong></span> <span class='ocrx_word' id='word_1_44' title='bbox 822 1244 938 1308; x_wconf 88' lang='lat' dir='ltr'><strong>ceteris</strong></span> <span class='ocrx_word' id='word_1_45' title='bbox 957 1243 1090 1308; x_wconf 88' lang='lat' dir='ltr'><strong>veniam</strong></span> <span class='ocrx_word' id='word_1_46' title='bbox 1110 1239 1227 1308; x_wconf 87' lang='lat' dir='ltr'><strong>talium</strong></span> <span class='ocrx_word' id='word_1_47' title='bbox 1248 1235 1426 1333; x_wconf 71' lang='lat' dir='ltr'><strong>conjugio-</strong></span> 
     </span>
     <span class='ocr_line' id='line_1_8' title="bbox 379 1350 1425 1447; baseline -0.003 -26"><span class='ocrx_word' id='word_1_48' title='bbox 379 1363 504 1435; x_wconf 88' lang='lat' dir='ltr'><strong>rum¹¹‚</strong></span> <span class='ocrx_word' id='word_1_49' title='bbox 518 1375 594 1447; x_wconf 86' lang='lat' dir='ltr'><strong>quae</strong></span> <span class='ocrx_word' id='word_1_50' title='bbox 607 1350 695 1419; x_wconf 89' lang='lat' dir='ltr'><strong>adid</strong></span> <span class='ocrx_word' id='word_1_51' title='bbox 709 1369 840 1446; x_wconf 89' lang='lat' dir='ltr'><strong>tempus</strong></span> <span class='ocrx_word' id='word_1_52' title='bbox 853 1356 977 1421; x_wconf 88' lang='lat' dir='ltr'><strong>incesta</strong></span> <span class='ocrx_word' id='word_1_53' title='bbox 990 1351 1209 1421; x_wconf 88' lang='lat' dir='ltr'><strong>habebantur.</strong></span> <span class='ocrx_word' id='word_1_54' title='bbox 1223 1359 1270 1421; x_wconf 80' lang='lat' dir='ltr'><strong>Ac</strong></span> <span class='ocrx_word' id='word_1_55' title='bbox 1282 1357 1341 1420; x_wconf 84' lang='lat' dir='ltr'><strong>vix</strong></span> <span class='ocrx_word' id='word_1_56' title='bbox 1355 1378 1425 1419; x_wconf 91' lang='lat' dir='ltr'><strong>uno</strong></span> 
     </span>
     <span class='ocr_line' id='line_1_9' title="bbox 379 1461 1517 1559; baseline -0.002 -27"><span class='ocrx_word' id='word_1_57' title='bbox 379 1461 1426 1559; x_wconf 78' lang='lat' dir='ltr'><strong>interpositodieconfecitnuptias3nonrepertis¹²‚quiscquc-</strong></span> <span class='ocrx_word' id='word_1_58' title='bbox 1515 1481 1517 1520; x_wconf 84' lang='grc' dir='ltr'><em>ῑ</em></span> 
     </span>
     <span class='ocr_line' id='line_1_10' title="bbox 379 1571 1424 1668; baseline -0.004 -27"><span class='ocrx_word' id='word_1_59' title='bbox 379 1591 495 1642; x_wconf 87' lang='lat' dir='ltr'><strong>rentur</strong></span> <span class='ocrx_word' id='word_1_60' title='bbox 513 1571 721 1666; x_wconf 83' lang='lat' dir='ltr'><strong>exemplum,</strong></span> <span class='ocrx_word' id='word_1_61' title='bbox 744 1586 883 1666; x_wconf 85' lang='lat' dir='ltr'><strong>excepto</strong></span> <span class='ocrx_word' id='word_1_62' title='bbox 904 1571 1059 1640; x_wconf 87' lang='lat' dir='ltr'><strong>libertino</strong></span> <span class='ocrx_word' id='word_1_63' title='bbox 1080 1571 1243 1668; x_wconf 89' lang='lat' dir='ltr'><strong>quodam,</strong></span> <span class='ocrx_word' id='word_1_64' title='bbox 1260 1588 1295 1639; x_wconf 91' lang='lat' dir='ltr'><strong>et</strong></span> <span class='ocrx_word' id='word_1_65' title='bbox 1314 1571 1424 1638; x_wconf 85' lang='lat' dir='ltr'><strong>altero</strong></span> 
     </span>
    </p>
   </div>
   <div class='ocr_carea' id='block_1_3' title="bbox 413 1818 874 1894">
    <p class='ocr_par' dir='ltr' id='par_1_3' title="bbox 413 1818 874 1894">
     <span class='ocr_line' id='line_1_11' title="bbox 413 1818 874 1894; baseline -0.007 -19"><span class='ocrx_word' id='word_1_66' title='bbox 413 1840 439 1893; x_wconf 82' lang='lat'><strong>9·</strong></span> <span class='ocrx_word' id='word_1_67' title='bbox 461 1822 557 1876; x_wconf 75' lang='lat' dir='ltr'><strong>Verum</strong></span> <span class='ocrx_word' id='word_1_68' title='bbox 572 1818 695 1894; x_wconf 69' lang='lat' dir='ltr'><strong>illecebris</strong></span> <span class='ocrx_word' id='word_1_69' title='bbox 707 1819 874 1892; x_wconf 68' lang='lat' dir='ltr'><strong>Aptippt&#39;noe,</strong></span> 
     </span>
    </p>
   </div>
   <div class='ocr_carea' id='block_1_4' title="bbox 349 1900 931 2049">
    <p class='ocr_par' dir='ltr' id='par_1_4' title="bbox 349 1900 931 2049">
     <span class='ocr_line' id='line_1_12' title="bbox 378 1900 931 1967; baseline -0.002 -14"><span class='ocrx_word' id='word_1_70' title='bbox 378 1914 429 1954; x_wconf 89' lang='lat' dir='ltr'><strong>etc.</strong></span> <span class='ocrx_word' id='word_1_71' title='bbox 447 1901 488 1953; x_wconf 81' lang='lat' dir='ltr'><strong>Cf.</strong></span> <span class='ocrx_word' id='word_1_72' title='bbox 500 1901 637 1967; x_wconf 75' lang='lat' dir='ltr'><strong>Di0‚1.x‚</strong></span> <span class='ocrx_word' id='word_1_73' title='bbox 650 1900 692 1952; x_wconf 87' lang='lat'><strong>31.</strong></span> <span class='ocrx_word' id='word_1_74' title='bbox 709 1901 793 1951; x_wconf 85' lang='lat' dir='ltr'><strong>Tacit.</strong></span> <span class='ocrx_word' id='word_1_75' title='bbox 806 1901 873 1952; x_wconf 78' lang='lat' dir='ltr'><strong>Anu.</strong></span> <span class='ocrx_word' id='word_1_76' title='bbox 926 1924 931 1938; x_wconf 75' lang='lat'><strong><em>¹</em></strong></span> 
     </span>
     <span class='ocr_line' id='line_1_13' title="bbox 349 1977 877 2049; baseline 0 -17"><span class='ocrx_word' id='word_1_77' title='bbox 349 1995 351 2007; x_wconf 81' lang='lat'>&#39;</span> <span class='ocrx_word' id='word_1_78' title='bbox 377 1982 441 2048; x_wconf 82' lang='grc' dir='ltr'><strong>ΧΠ,</strong></span> <span class='ocrx_word' id='word_1_79' title='bbox 452 1983 469 2034; x_wconf 87' lang='grc'>3</span> <span class='ocrx_word' id='word_1_80' title='bbox 481 2001 487 2032; x_wconf 91' lang='lat'>:</span> <span class='ocrx_word' id='word_1_81' title='bbox 503 1977 684 2032; x_wconf 73' lang='lat' dir='ltr'><strong>«Praevaluere</strong></span> <span class='ocrx_word' id='word_1_82' title='bbox 695 1979 750 2030; x_wconf 81' lang='lat' dir='ltr'><strong>haec</strong></span> <span class='ocrx_word' id='word_1_83' title='bbox 761 1977 877 2049; x_wconf 82' lang='lat' dir='ltr'><strong>(Pallan-</strong></span> 
     </span>
    </p>
   </div>
   <div class='ocr_carea' id='block_1_5' title="bbox 377 2057 876 2527">
    <p class='ocr_par' dir='ltr' id='par_1_5' title="bbox 377 2057 876 2527">
     <span class='ocr_line' id='line_1_14' title="bbox 378 2057 876 2130; baseline -0.006 -17"><span class='ocrx_word' id='word_1_84' title='bbox 378 2061 410 2113; x_wconf 86' lang='lat' dir='ltr'><strong>tis</strong></span> <span class='ocrx_word' id='word_1_85' title='bbox 420 2058 536 2130; x_wconf 83' lang='lat' dir='ltr'><strong>verba),</strong></span> <span class='ocrx_word' id='word_1_86' title='bbox 551 2057 641 2130; x_wconf 84' lang='lat' dir='ltr'><strong>adjuta</strong></span> <span class='ocrx_word' id='word_1_87' title='bbox 657 2059 805 2130; x_wconf 72' lang='lat' dir='ltr'><strong>Agrippina</strong></span> <span class='ocrx_word' id='word_1_88' title='bbox 818 2057 876 2110; x_wconf 89' lang='lat' dir='ltr'><strong>ille·</strong></span> 
     </span>
     <span class='ocr_line' id='line_1_15' title="bbox 377 2137 875 2210; baseline -0.01 -17"><span class='ocrx_word' id='word_1_89' title='bbox 377 2140 477 2206; x_wconf 83' lang='lat' dir='ltr'><strong>cebris,</strong></span> <span class='ocrx_word' id='word_1_90' title='bbox 489 2156 547 2210; x_wconf 74' lang='lat' dir='ltr'><strong>qua</strong></span> <span class='ocrx_word' id='word_1_91' title='bbox 561 2137 595 2190; x_wconf 79' lang='lat' dir='ltr'><strong>ad</strong></span> <span class='ocrx_word' id='word_1_92' title='bbox 609 2156 686 2203; x_wconf 87' lang='lat' dir='ltr'><strong>eum,</strong></span> <span class='ocrx_word' id='word_1_93' title='bbox 698 2155 747 2207; x_wconf 85' lang='lat' dir='ltr'><strong>per</strong></span> <span class='ocrx_word' id='word_1_94' title='bbox 759 2139 875 2208; x_wconf 80' lang='lat' dir='ltr'><strong>speciem</strong></span> 
     </span>
     <span class='ocr_line' id='line_1_16' title="bbox 378 2214 876 2282; baseline -0.008 -12"><span class='ocrx_word' id='word_1_95' title='bbox 378 2214 593 2277; x_wconf 69' lang='lat' dir='ltr'><strong>necessitudinis,</strong></span> <span class='ocrx_word' id='word_1_96' title='bbox 604 2215 698 2268; x_wconf 85' lang='lat' dir='ltr'><strong>crebro</strong></span> <span class='ocrx_word' id='word_1_97' title='bbox 711 2215 876 2282; x_wconf 80' lang='lat' dir='ltr'><strong>ventitando,</strong></span> 
     </span>
     <span class='ocr_line' id='line_1_17' title="bbox 377 2294 876 2369; baseline -0.002 -20"><span class='ocrx_word' id='word_1_98' title='bbox 377 2297 477 2369; x_wconf 86' lang='lat' dir='ltr'><strong>pellicit</strong></span> <span class='ocrx_word' id='word_1_99' title='bbox 490 2309 629 2367; x_wconf 83' lang='lat' dir='ltr'><strong>patruum,</strong></span> <span class='ocrx_word' id='word_1_100' title='bbox 643 2308 673 2346; x_wconf 90' lang='lat' dir='ltr'><strong>ut</strong></span> <span class='ocrx_word' id='word_1_101' title='bbox 684 2294 790 2366; x_wconf 73' lang='lat' dir='ltr'><strong>praelata</strong></span> <span class='ocrx_word' id='word_1_102' title='bbox 803 2307 876 2348; x_wconf 85' lang='lat' dir='ltr'><strong>cete·</strong></span> 
     </span>
     <span class='ocr_line' id='line_1_18' title="bbox 377 2375 875 2445; baseline -0.002 -16"><span class='ocrx_word' id='word_1_103' title='bbox 377 2379 426 2443; x_wconf 82' lang='lat' dir='ltr'><strong>ris,</strong></span> <span class='ocrx_word' id='word_1_104' title='bbox 434 2389 460 2429; x_wconf 85' lang='lat' dir='ltr'><strong>et</strong></span> <span class='ocrx_word' id='word_1_105' title='bbox 467 2375 585 2428; x_wconf 89' lang='lat' dir='ltr'><strong>nondum</strong></span> <span class='ocrx_word' id='word_1_106' title='bbox 594 2393 675 2440; x_wconf 87' lang='lat' dir='ltr'><strong>uxor,</strong></span> <span class='ocrx_word' id='word_1_107' title='bbox 684 2376 804 2445; x_wconf 82' lang='lat' dir='ltr'><strong>potentia</strong></span> <span class='ocrx_word' id='word_1_108' title='bbox 813 2393 875 2428; x_wconf 85' lang='lat' dir='ltr'><strong>uxo·</strong></span> 
     </span>
     <span class='ocr_line' id='line_1_19' title="bbox 377 2458 636 2527; baseline -0.031 -19"><span class='ocrx_word' id='word_1_109' title='bbox 377 2458 414 2508; x_wconf 84' lang='lat' dir='ltr'><strong>ria</strong></span> <span class='ocrx_word' id='word_1_110' title='bbox 424 2459 479 2527; x_wconf 87' lang='lat' dir='ltr'><strong>jam</strong></span> <span class='ocrx_word' id='word_1_111' title='bbox 491 2467 636 2506; x_wconf 73' lang='lat' dir='ltr'><strong>uteretur.-</strong></span> 
     </span>
    </p>
   </div>
   <div class='ocr_carea' id='block_1_6' title="bbox 374 2547 874 3562">
    <p class='ocr_par' dir='ltr' id='par_1_6' title="bbox 374 2547 874 3562">
     <span class='ocr_line' id='line_1_20' title="bbox 416 2547 872 2618; baseline -0.004 -17"><span class='ocrx_word' id='word_1_112' title='bbox 416 2567 455 2603; x_wconf 82' lang='lat'><strong>10.</strong></span> <span class='ocrx_word' id='word_1_113' title='bbox 471 2548 639 2601; x_wconf 80' lang='lat' dir='ltr'><strong>Subornevit.</strong></span> <span class='ocrx_word' id='word_1_114' title='bbox 647 2585 665 2598; x_wconf 90' lang='lat'><strong>..</strong></span> <span class='ocrx_word' id='word_1_115' title='bbox 677 2547 722 2618; x_wconf 82' lang='lat' dir='ltr'><strong>qui</strong></span> <span class='ocrx_word' id='word_1_116' title='bbox 730 2559 872 2614; x_wconf 73' lang='lat' dir='ltr'><strong>emerent,</strong></span> 
     </span>
     <span class='ocr_line' id='line_1_21' title="bbox 377 2625 874 2693; baseline -0.01 -9"><span class='ocrx_word' id='word_1_117' title='bbox 377 2643 427 2684; x_wconf 88' lang='lat' dir='ltr'><strong>etc.</strong></span> <span class='ocrx_word' id='word_1_118' title='bbox 440 2629 555 2680; x_wconf 77' lang='lat' dir='ltr'><strong>Auctore</strong></span> <span class='ocrx_word' id='word_1_119' title='bbox 565 2625 648 2678; x_wconf 79' lang='lat' dir='ltr'><strong>Tacit.</strong></span> <span class='ocrx_word' id='word_1_120' title='bbox 658 2626 753 2677; x_wconf 77' lang='lat' dir='ltr'><strong>rinnel.</strong></span> <span class='ocrx_word' id='word_1_121' title='bbox 764 2627 828 2692; x_wconf 82' lang='grc' dir='ltr'><strong>ΧΗ,</strong></span> <span class='ocrx_word' id='word_1_122' title='bbox 840 2625 857 2679; x_wconf 83' lang='grc'><strong><em>5</em></strong></span> <span class='ocrx_word' id='word_1_123' title='bbox 863 2665 874 2693; x_wconf 85' lang='grc'><em>,</em></span> 
     </span>
     <span class='ocr_line' id='line_1_22' title="bbox 378 2704 874 2760; baseline -0.004 0"><span class='ocrx_word' id='word_1_124' title='bbox 378 2706 467 2760; x_wconf 85' lang='lat' dir='ltr'><strong>retulit</strong></span> <span class='ocrx_word' id='word_1_125' title='bbox 481 2707 514 2758; x_wconf 91' lang='lat' dir='ltr'><strong>de</strong></span> <span class='ocrx_word' id='word_1_126' title='bbox 528 2705 581 2757; x_wconf 88' lang='lat' dir='ltr'><strong>hoe</strong></span> <span class='ocrx_word' id='word_1_127' title='bbox 598 2706 767 2758; x_wconf 73' lang='lat' dir='ltr'><strong>matrimunio</strong></span> <span class='ocrx_word' id='word_1_128' title='bbox 778 2704 811 2758; x_wconf 86' lang='lat' dir='ltr'><strong>ad</strong></span> <span class='ocrx_word' id='word_1_129' title='bbox 826 2706 874 2758; x_wconf 83' lang='lat' dir='ltr'><strong>Se·</strong></span> 
     </span>
     <span class='ocr_line' id='line_1_23' title="bbox 376 2782 872 2854; baseline -0.006 -15"><span class='ocrx_word' id='word_1_130' title='bbox 376 2801 467 2839; x_wconf 86' lang='lat' dir='ltr'><strong>natum</strong></span> <span class='ocrx_word' id='word_1_131' title='bbox 477 2783 611 2850; x_wconf 81' lang='lat' dir='ltr'><strong>Vitellius,</strong></span> <span class='ocrx_word' id='word_1_132' title='bbox 625 2797 651 2835; x_wconf 89' lang='lat' dir='ltr'><strong>et</strong></span> <span class='ocrx_word' id='word_1_133' title='bbox 664 2783 738 2854; x_wconf 86' lang='lat' dir='ltr'><strong>(cap.</strong></span> <span class='ocrx_word' id='word_1_134' title='bbox 748 2783 779 2854; x_wconf 88' lang='grc'><strong>6)</strong></span> <span class='ocrx_word' id='word_1_135' title='bbox 791 2782 872 2836; x_wconf 83' lang='lat' dir='ltr'><strong>multa</strong></span> 
     </span>
     <span class='ocr_line' id='line_1_24' title="bbox 377 2863 872 2935; baseline 0 -19"><span class='ocrx_word' id='word_1_136' title='bbox 377 2869 480 2918; x_wconf 86' lang='lat' dir='ltr'><strong>Parrum</strong></span> <span class='ocrx_word' id='word_1_137' title='bbox 492 2865 634 2916; x_wconf 77' lang='lat' dir='ltr'><strong>assentatio</strong></span> <span class='ocrx_word' id='word_1_138' title='bbox 646 2875 735 2916; x_wconf 76' lang='lat' dir='ltr'><strong>secuta</strong></span> <span class='ocrx_word' id='word_1_139' title='bbox 749 2865 797 2914; x_wconf 84' lang='lat' dir='ltr'><strong>est.</strong></span> <span class='ocrx_word' id='word_1_140' title='bbox 808 2863 872 2935; x_wconf 88' lang='lat' dir='ltr'><strong>Cap.</strong></span> 
     </span>
     <span class='ocr_line' id='line_1_25' title="bbox 377 2942 873 3019; baseline -0.006 -23"><span class='ocrx_word' id='word_1_141' title='bbox 377 2963 407 3016; x_wconf 87' lang='lat'><strong>7,</strong></span> <span class='ocrx_word' id='word_1_142' title='bbox 422 2942 521 3019; x_wconf 77' lang='lat' dir='ltr'><strong>«Haud</strong></span> <span class='ocrx_word' id='word_1_143' title='bbox 538 2942 661 3008; x_wconf 80' lang='lat' dir='ltr'><strong>defuere,</strong></span> <span class='ocrx_word' id='word_1_144' title='bbox 679 2942 724 3012; x_wconf 90' lang='lat' dir='ltr'><strong>qui</strong></span> <span class='ocrx_word' id='word_1_145' title='bbox 738 2943 873 3009; x_wconf 80' lang='lat' dir='ltr'><strong>certatim,</strong></span> 
     </span>
     <span class='ocr_line' id='line_1_26' title="bbox 376 3020 874 3085; baseline -0.008 -9"><span class='ocrx_word' id='word_1_146' title='bbox 376 3027 397 3076; x_wconf 83' lang='lat' dir='ltr'><strong>si</strong></span> <span class='ocrx_word' id='word_1_147' title='bbox 418 3033 587 3075; x_wconf 81' lang='lat' dir='ltr'><strong>cunctaretur</strong></span> <span class='ocrx_word' id='word_1_148' title='bbox 607 3022 709 3085; x_wconf 73' lang='lat' dir='ltr'><strong>Cesar,</strong></span> <span class='ocrx_word' id='word_1_149' title='bbox 730 3020 756 3070; x_wconf 87' lang='lat' dir='ltr'><strong>vi</strong></span> <span class='ocrx_word' id='word_1_150' title='bbox 773 3031 874 3072; x_wconf 80' lang='lat' dir='ltr'><strong>acturos</strong></span> 
     </span>
     <span class='ocr_line' id='line_1_27' title="bbox 376 3099 872 3170; baseline -0.006 -16"><span class='ocrx_word' id='word_1_151' title='bbox 376 3103 566 3166; x_wconf 79' lang='lat' dir='ltr'><strong>testificantes,</strong></span> <span class='ocrx_word' id='word_1_152' title='bbox 591 3110 759 3170; x_wconf 87' lang='lat' dir='ltr'><strong>erumperent</strong></span> <span class='ocrx_word' id='word_1_153' title='bbox 784 3099 872 3151; x_wconf 82' lang='lat' dir='ltr'><strong>Caria.</strong></span> 
     </span>
     <span class='ocr_line' id='line_1_28' title="bbox 374 3175 873 3251; baseline -0.01 -19"><span class='ocrx_word' id='word_1_154' title='bbox 374 3179 556 3251; x_wconf 69' lang='lat' dir='ltr'><strong>conglobatur</strong></span> <span class='ocrx_word' id='word_1_155' title='bbox 580 3179 731 3248; x_wconf 83' lang='lat' dir='ltr'><strong>promiscua</strong></span> <span class='ocrx_word' id='word_1_156' title='bbox 754 3175 873 3228; x_wconf 87' lang='lat' dir='ltr'><strong>multitu-</strong></span> 
     </span>
     <span class='ocr_line' id='line_1_29' title="bbox 375 3259 872 3330; baseline -0.008 -18"><span class='ocrx_word' id='word_1_157' title='bbox 375 3261 426 3328; x_wconf 88' lang='lat' dir='ltr'><strong>do,</strong></span> <span class='ocrx_word' id='word_1_158' title='bbox 451 3259 633 3330; x_wconf 79' lang='lat' dir='ltr'><strong>populumque</strong></span> <span class='ocrx_word' id='word_1_159' title='bbox 654 3259 804 3308; x_wconf 82' lang='lat' dir='ltr'><strong>Romanum</strong></span> <span class='ocrx_word' id='word_1_160' title='bbox 827 3275 872 3308; x_wconf 86' lang='lat' dir='ltr'><strong>ea-</strong></span> 
     </span>
     <span class='ocr_line' id='line_1_30' title="bbox 374 3336 873 3406; baseline -0.008 -16"><span class='ocrx_word' id='word_1_161' title='bbox 374 3339 435 3390; x_wconf 87' lang='lat' dir='ltr'><strong>dem</strong></span> <span class='ocrx_word' id='word_1_162' title='bbox 448 3355 536 3398; x_wconf 86' lang='lat' dir='ltr'><strong>orare,</strong></span> <span class='ocrx_word' id='word_1_163' title='bbox 548 3336 680 3401; x_wconf 79' lang='lat' dir='ltr'><strong>clamitat,</strong></span> <span class='ocrx_word' id='word_1_164' title='bbox 690 3348 740 3386; x_wconf 90' lang='lat' dir='ltr'><strong>ete.</strong></span> <span class='ocrx_word' id='word_1_165' title='bbox 752 3359 763 3382; x_wconf 82' lang='grc' dir='ltr'>ι</span> <span class='ocrx_word' id='word_1_166' title='bbox 777 3337 873 3406; x_wconf 74' lang='lat' dir='ltr'><strong>Agrip·</strong></span> 
     </span>
     <span class='ocr_line' id='line_1_31' title="bbox 374 3413 871 3488; baseline -0.008 -19"><span class='ocrx_word' id='word_1_167' title='bbox 374 3421 437 3488; x_wconf 83' lang='lat' dir='ltr'><strong>pina</strong></span> <span class='ocrx_word' id='word_1_168' title='bbox 450 3420 506 3488; x_wconf 81' lang='lat' dir='ltr'><strong>ipsa</strong></span> <span class='ocrx_word' id='word_1_169' title='bbox 519 3413 591 3486; x_wconf 83' lang='lat' dir='ltr'><strong>apud</strong></span> <span class='ocrx_word' id='word_1_170' title='bbox 605 3415 717 3481; x_wconf 76' lang='lat' dir='ltr'><strong>litetur,</strong></span> <span class='ocrx_word' id='word_1_171' title='bbox 736 3414 871 3467; x_wconf 79' lang='lat' dir='ltr'><strong>Britanni·</strong></span> 
     </span>
     <span class='ocr_line' id='line_1_32' title="bbox 374 3499 659 3562; baseline -0.018 -12"><span class='ocrx_word' id='word_1_172' title='bbox 374 3516 435 3562; x_wconf 75' lang='grc' dir='ltr'><strong>σω,</strong></span> <span class='ocrx_word' id='word_1_173' title='bbox 451 3509 500 3548; x_wconf 84' lang='lat' dir='ltr'><strong>act.</strong></span> <span class='ocrx_word' id='word_1_174' title='bbox 515 3499 562 3558; x_wconf 88' lang='lat' dir='ltr'><strong>lV,</strong></span> <span class='ocrx_word' id='word_1_175' title='bbox 579 3512 614 3545; x_wconf 83' lang='lat' dir='ltr'><strong>se.</strong></span> <span class='ocrx_word' id='word_1_176' title='bbox 630 3511 659 3545; x_wconf 81' lang='lat' dir='ltr'><strong>a:</strong></span> 
     </span>
    </p>
   </div>
   <div class='ocr_carea' id='block_1_7' title="bbox 314 3583 871 4315">
    <p class='ocr_par' dir='ltr' id='par_1_7' title="bbox 314 3583 871 4315">
     <span class='ocr_line' id='line_1_33' title="bbox 374 3583 831 3646; baseline -0.007 -15"><span class='ocrx_word' id='word_1_177' title='bbox 374 3587 448 3646; x_wconf 76' lang='lat' dir='ltr'><strong>Quund</strong></span> <span class='ocrx_word' id='word_1_178' title='bbox 455 3587 480 3630; x_wconf 88' lang='lat' dir='ltr'><strong>de</strong></span> <span class='ocrx_word' id='word_1_179' title='bbox 486 3587 614 3630; x_wconf 74' lang='lat' dir='ltr'><strong>Britannicus</strong></span> <span class='ocrx_word' id='word_1_180' title='bbox 621 3583 640 3626; x_wconf 84' lang='lat' dir='ltr'><strong>la</strong></span> <span class='ocrx_word' id='word_1_181' title='bbox 646 3588 701 3628; x_wconf 71' lang='lat' dir='ltr'><strong>mere</strong></span> <span class='ocrx_word' id='word_1_182' title='bbox 708 3586 831 3629; x_wconf 67' lang='lat' dir='ltr'><strong>unumne·</strong></span> 
     </span>
     <span class='ocr_line' id='line_1_34' title="bbox 376 3645 804 3702; baseline -0.007 -10"><span class='ocrx_word' id='word_1_183' title='bbox 376 3653 441 3692; x_wconf 65' lang='lat' dir='ltr'><strong>[aaa</strong></span> <span class='ocrx_word' id='word_1_184' title='bbox 448 3651 474 3694; x_wconf 81' lang='lat' dir='ltr'><strong>tle</strong></span> <span class='ocrx_word' id='word_1_185' title='bbox 481 3648 577 3691; x_wconf 76' lang='lat' dir='ltr'><strong>Claudius</strong></span> <span class='ocrx_word' id='word_1_186' title='bbox 583 3645 675 3702; x_wconf 77' lang='lat' dir='ltr'><strong>disputet</strong></span> <span class='ocrx_word' id='word_1_187' title='bbox 681 3646 804 3702; x_wconf 67' lang='lat' dir='ltr'><strong>l&#39;ltymknle.</strong></span> 
     </span>
     <span class='ocr_line' id='line_1_35' title="bbox 374 3705 871 3764; baseline -0.008 -10"><span class='ocrx_word' id='word_1_188' title='bbox 374 3712 441 3754; x_wconf 73' lang='lat' dir='ltr'><strong>anmi</strong></span> <span class='ocrx_word' id='word_1_189' title='bbox 456 3718 499 3752; x_wconf 80' lang='lat' dir='ltr'><strong>tant</strong></span> <span class='ocrx_word' id='word_1_190' title='bbox 513 3707 538 3750; x_wconf 89' lang='lat' dir='ltr'><strong>de</strong></span> <span class='ocrx_word' id='word_1_191' title='bbox 554 3705 637 3750; x_wconf 71' lang='lat' dir='ltr'><strong>benite</strong></span> <span class='ocrx_word' id='word_1_192' title='bbox 651 3707 686 3764; x_wconf 82' lang='lat' dir='ltr'><strong>qui</strong></span> <span class='ocrx_word' id='word_1_193' title='bbox 701 3707 819 3762; x_wconf 69' lang='lat' dir='ltr'><strong>brigo‘erent</strong></span> <span class='ocrx_word' id='word_1_194' title='bbox 834 3722 871 3750; x_wconf 78' lang='lat' dir='ltr'><strong>aon</strong></span> 
     </span>
     <span class='ocr_line' id='line_1_36' title="bbox 453 3772 521 3819; baseline -0.029 -8"><span class='ocrx_word' id='word_1_195' title='bbox 453 3772 521 3819; x_wconf 77' lang='lat' dir='ltr'><strong>choix,</strong></span> 
     </span>
     <span class='ocr_line' id='line_1_37' title="bbox 374 3827 836 3891; baseline -0.009 -17"><span class='ocrx_word' id='word_1_196' title='bbox 374 3827 836 3891; x_wconf 68' lang='lat' dir='ltr'><strong>Quitleseaatfmueltismeuditrentlesvoit,</strong></span> 
     </span>
     <span class='ocr_line' id='line_1_38' title="bbox 374 3890 805 3945; baseline -0.023 -5"><span class='ocrx_word' id='word_1_197' title='bbox 374 3900 398 3940; x_wconf 79' lang='lat' dir='ltr'><strong>le</strong></span> <span class='ocrx_word' id='word_1_198' title='bbox 404 3894 548 3938; x_wconf 79' lang='lat' dir='ltr'><strong>souhaittltou</strong></span> <span class='ocrx_word' id='word_1_199' title='bbox 556 3892 581 3933; x_wconf 93' lang='lat' dir='ltr'><strong>lit</strong></span> <span class='ocrx_word' id='word_1_200' title='bbox 587 3891 662 3933; x_wconf 78' lang='lat' dir='ltr'><strong>dantlu</strong></span> <span class='ocrx_word' id='word_1_201' title='bbox 670 3891 725 3932; x_wconf 70' lang='lat' dir='ltr'><strong>seule</strong></span> <span class='ocrx_word' id='word_1_202' title='bbox 732 3890 805 3945; x_wconf 71' lang='lat' dir='ltr'><strong>pentec</strong></span> 
     </span>
     <span class='ocr_line' id='line_1_39' title="bbox 314 3951 843 4006; baseline -0.015 -5"><span class='ocrx_word' id='word_1_203' title='bbox 314 3999 315 4003; x_wconf 75' lang='grc'>,</span> <span class='ocrx_word' id='word_1_204' title='bbox 374 3959 403 4002; x_wconf 79' lang='lat' dir='ltr'><strong>ue</strong></span> <span class='ocrx_word' id='word_1_205' title='bbox 411 3955 566 3999; x_wconf 79' lang='lat' dir='ltr'><strong>voutluisserau</strong></span> <span class='ocrx_word' id='word_1_206' title='bbox 574 3956 633 3993; x_wconf 70' lang='lat' dir='ltr'><strong>tione</strong></span> <span class='ocrx_word' id='word_1_207' title='bbox 641 3954 667 3992; x_wconf 79' lang='lat' dir='ltr'><strong>eu</strong></span> <span class='ocrx_word' id='word_1_208' title='bbox 672 3952 762 4006; x_wconf 75' lang='lat' dir='ltr'><strong>jecemia</strong></span> <span class='ocrx_word' id='word_1_209' title='bbox 770 3951 843 4006; x_wconf 85' lang='lat' dir='ltr'><strong>plaee&#39;e.</strong></span> 
     </span>
     <span class='ocr_line' id='line_1_40' title="bbox 374 4011 830 4068; baseline -0.015 -8"><span class='ocrx_word' id='word_1_210' title='bbox 374 4022 397 4060; x_wconf 81' lang='lat' dir='ltr'><strong>te</strong></span> <span class='ocrx_word' id='word_1_211' title='bbox 405 4017 528 4060; x_wconf 73' lang='lat' dir='ltr'><strong>techinam</strong></span> <span class='ocrx_word' id='word_1_212' title='bbox 535 4013 623 4068; x_wconf 66' lang='lat' dir='ltr'><strong>engucih</strong></span> <span class='ocrx_word' id='word_1_213' title='bbox 630 4011 692 4065; x_wconf 80' lang='lat' dir='ltr'><strong>j&#39;ullui</strong></span> <span class='ocrx_word' id='word_1_214' title='bbox 700 4012 754 4068; x_wconf 84' lang='lat' dir='ltr'><strong>prier</strong></span> <span class='ocrx_word' id='word_1_215' title='bbox 760 4011 830 4053; x_wconf 83' lang='lat' dir='ltr'><strong>Pallas.</strong></span> 
     </span>
     <span class='ocr_line' id='line_1_41' title="bbox 374 4070 870 4131; baseline -0.016 -10"><span class='ocrx_word' id='word_1_216' title='bbox 374 4081 415 4122; x_wconf 89' lang='lat' dir='ltr'><strong>Son</strong></span> <span class='ocrx_word' id='word_1_217' title='bbox 429 4081 514 4125; x_wconf 75' lang='lat' dir='ltr'><strong>nultra,</strong></span> <span class='ocrx_word' id='word_1_218' title='bbox 527 4075 604 4131; x_wconf 73' lang='lat' dir='ltr'><strong>chaque</strong></span> <span class='ocrx_word' id='word_1_219' title='bbox 614 4072 662 4127; x_wconf 84' lang='lat' dir='ltr'><strong>jour</strong></span> <span class='ocrx_word' id='word_1_220' title='bbox 675 4072 752 4115; x_wconf 70' lang='lat' dir='ltr'><strong>curasse</strong></span> <span class='ocrx_word' id='word_1_221' title='bbox 765 4070 815 4114; x_wconf 81' lang='lat' dir='ltr'><strong>duat</strong></span> <span class='ocrx_word' id='word_1_222' title='bbox 827 4087 870 4115; x_wconf 72' lang='lat' dir='ltr'><strong>mee</strong></span> 
     </span>
     <span class='ocr_line' id='line_1_42' title="bbox 451 4140 507 4186; baseline -0.018 -5"><span class='ocrx_word' id='word_1_223' title='bbox 451 4140 507 4186; x_wconf 78' lang='lat' dir='ltr'><strong>brea,</strong></span> 
     </span>
     <span class='ocr_line' id='line_1_43' title="bbox 373 4197 859 4254; baseline -0.002 -14"><span class='ocrx_word' id='word_1_224' title='bbox 373 4202 414 4241; x_wconf 81' lang='lat' dir='ltr'><strong>Prit</strong></span> <span class='ocrx_word' id='word_1_225' title='bbox 422 4199 588 4243; x_wconf 82' lang='lat' dir='ltr'><strong>insensiblemeut</strong></span> <span class='ocrx_word' id='word_1_226' title='bbox 594 4197 644 4240; x_wconf 80' lang='lat' dir='ltr'><strong>dans</strong></span> <span class='ocrx_word' id='word_1_227' title='bbox 650 4197 679 4238; x_wconf 87' lang='lat' dir='ltr'><strong>les</strong></span> <span class='ocrx_word' id='word_1_228' title='bbox 687 4212 736 4254; x_wconf 79' lang='lat' dir='ltr'><strong>year</strong></span> <span class='ocrx_word' id='word_1_229' title='bbox 743 4197 768 4238; x_wconf 88' lang='lat' dir='ltr'><strong>de</strong></span> <span class='ocrx_word' id='word_1_230' title='bbox 776 4212 797 4237; x_wconf 85' lang='lat' dir='ltr'><strong>sa</strong></span> <span class='ocrx_word' id='word_1_231' title='bbox 803 4198 859 4240; x_wconf 74' lang='lat' dir='ltr'><strong>ni&#39;eoe</strong></span> 
     </span>
     <span class='ocr_line' id='line_1_44' title="bbox 371 4257 836 4315; baseline -0.002 -15"><span class='ocrx_word' id='word_1_232' title='bbox 371 4261 494 4304; x_wconf 77' lang='lat' dir='ltr'><strong>L&#39;anrourolr</strong></span> <span class='ocrx_word' id='word_1_233' title='bbox 500 4261 720 4315; x_wconf 76' lang='lat' dir='ltr'><strong>jeroulaiaumenerea</strong></span> <span class='ocrx_word' id='word_1_234' title='bbox 728 4257 836 4302; x_wconf 80' lang='lat' dir='ltr'><strong>tendresse.</strong></span> 
     </span>
    </p>
   </div>
   <div class='ocr_carea' id='block_1_8' title="bbox 918 1816 1428 2223">
    <p class='ocr_par' dir='ltr' id='par_1_8' title="bbox 920 1816 1428 1875">
     <span class='ocr_line' id='line_1_45' title="bbox 920 1816 1428 1875; baseline -0.002 -15"><span class='ocrx_word' id='word_1_235' title='bbox 920 1819 1004 1861; x_wconf 74' lang='lat' dir='ltr'><strong>Meiere</strong></span> <span class='ocrx_word' id='word_1_236' title='bbox 1016 1817 1058 1859; x_wconf 83' lang='lat' dir='ltr'><strong>lien</strong></span> <span class='ocrx_word' id='word_1_237' title='bbox 1070 1816 1097 1860; x_wconf 92' lang='lat' dir='ltr'><strong>du</strong></span> <span class='ocrx_word' id='word_1_238' title='bbox 1109 1832 1159 1874; x_wconf 73' lang='lat' dir='ltr'><strong>sang</strong></span> <span class='ocrx_word' id='word_1_239' title='bbox 1169 1817 1204 1875; x_wconf 87' lang='lat' dir='ltr'><strong>qui</strong></span> <span class='ocrx_word' id='word_1_240' title='bbox 1215 1829 1268 1859; x_wconf 83' lang='lat' dir='ltr'><strong>nous</strong></span> <span class='ocrx_word' id='word_1_241' title='bbox 1277 1816 1369 1874; x_wconf 69' lang='lat' dir='ltr'><strong>joignait</strong></span> <span class='ocrx_word' id='word_1_242' title='bbox 1381 1827 1428 1859; x_wconf 78' lang='lat' dir='ltr'><strong>teat</strong></span> 
     </span>
    </p>

    <p class='ocr_par' dir='ltr' id='par_1_9' title="bbox 919 1876 1334 1983">
     <span class='ocr_line' id='line_1_46' title="bbox 919 1876 1334 1983; baseline 0 -1"><span class='ocrx_word' id='word_1_243' title='bbox 919 1876 1334 1983; x_wconf 64' lang='lat' dir='ltr'><strong>&amp;arrniibliudtmd&#39;rinttrtmstuetu:</strong></span> 
     </span>
    </p>

    <p class='ocr_par' dir='ltr' id='par_1_10' title="bbox 919 1999 1329 2056">
     <span class='ocr_line' id='line_1_47' title="bbox 919 1999 1329 2056; baseline 0.002 -15"><span class='ocrx_word' id='word_1_244' title='bbox 919 1999 935 2041; x_wconf 92' lang='lat' dir='ltr'><strong>ll</strong></span> <span class='ocrx_word' id='word_1_245' title='bbox 943 2000 1014 2042; x_wconf 78' lang='lat' dir='ltr'><strong>n&#39;oeuit</strong></span> <span class='ocrx_word' id='word_1_246' title='bbox 1022 2000 1107 2056; x_wconf 73' lang='lat' dir='ltr'><strong>dpouoer</strong></span> <span class='ocrx_word' id='word_1_247' title='bbox 1116 2001 1134 2042; x_wconf 81' lang='lat' dir='ltr'><strong>la</strong></span> <span class='ocrx_word' id='word_1_248' title='bbox 1142 1999 1183 2042; x_wconf 87' lang='lat' dir='ltr'><strong>lille</strong></span> <span class='ocrx_word' id='word_1_249' title='bbox 1190 2000 1216 2042; x_wconf 87' lang='lat' dir='ltr'><strong>de</strong></span> <span class='ocrx_word' id='word_1_250' title='bbox 1222 2013 1260 2042; x_wconf 79' lang='lat' dir='ltr'><strong>anu</strong></span> <span class='ocrx_word' id='word_1_251' title='bbox 1267 2001 1329 2042; x_wconf 62' lang='lat' dir='ltr'><strong>stite.</strong></span> 
     </span>
    </p>

    <p class='ocr_par' dir='ltr' id='par_1_11' title="bbox 919 2058 1376 2104">
     <span class='ocr_line' id='line_1_48' title="bbox 919 2058 1376 2104; baseline 0 -2"><span class='ocrx_word' id='word_1_252' title='bbox 919 2059 945 2102; x_wconf 80' lang='lat' dir='ltr'><strong>Le</strong></span> <span class='ocrx_word' id='word_1_253' title='bbox 952 2058 1015 2101; x_wconf 61' lang='lat' dir='ltr'><strong>Sinut</strong></span> <span class='ocrx_word' id='word_1_254' title='bbox 1021 2061 1053 2102; x_wconf 82' lang='lat' dir='ltr'><strong>lut</strong></span> <span class='ocrx_word' id='word_1_255' title='bbox 1059 2059 1137 2104; x_wconf 65' lang='lat' dir='ltr'><strong>adduit:</strong></span> <span class='ocrx_word' id='word_1_256' title='bbox 1146 2076 1186 2102; x_wconf 87' lang='lat' dir='ltr'><strong>une</strong></span> <span class='ocrx_word' id='word_1_257' title='bbox 1193 2061 1219 2104; x_wconf 77' lang='lat' dir='ltr'><strong>lei</strong></span> <span class='ocrx_word' id='word_1_258' title='bbox 1227 2061 1294 2104; x_wconf 75' lang='lat' dir='ltr'><strong>moine</strong></span> <span class='ocrx_word' id='word_1_259' title='bbox 1301 2059 1376 2102; x_wconf 67' lang='grc' dir='ltr'>ιέιὲιε</span> 
     </span>
    </p>

    <p class='ocr_par' dir='ltr' id='par_1_12' title="bbox 918 2117 1427 2223">
     <span class='ocr_line' id='line_1_49' title="bbox 918 2117 1427 2176; baseline 0.006 -15"><span class='ocrx_word' id='word_1_260' title='bbox 918 2119 957 2161; x_wconf 82' lang='lat' dir='ltr'><strong>tm</strong></span> <span class='ocrx_word' id='word_1_261' title='bbox 967 2120 1043 2162; x_wconf 82' lang='lat' dir='ltr'><strong>Claude</strong></span> <span class='ocrx_word' id='word_1_262' title='bbox 1050 2117 1100 2162; x_wconf 77' lang='lat' dir='ltr'><strong>dana</strong></span> <span class='ocrx_word' id='word_1_263' title='bbox 1108 2135 1156 2163; x_wconf 86' lang='lat' dir='ltr'><strong>mon</strong></span> <span class='ocrx_word' id='word_1_264' title='bbox 1167 2121 1202 2175; x_wconf 87' lang='lat' dir='ltr'><strong>lit,</strong></span> <span class='ocrx_word' id='word_1_265' title='bbox 1212 2131 1234 2162; x_wconf 85' lang='lat' dir='ltr'><strong>et</strong></span> <span class='ocrx_word' id='word_1_266' title='bbox 1242 2121 1326 2162; x_wconf 63' lang='lat' dir='ltr'><strong>Remea</strong></span> <span class='ocrx_word' id='word_1_267' title='bbox 1337 2135 1385 2164; x_wconf 83' lang='lat' dir='ltr'><strong>mes</strong></span> <span class='ocrx_word' id='word_1_268' title='bbox 1394 2133 1427 2176; x_wconf 65' lang='lat' dir='ltr'><strong>pe·</strong></span> 
     </span>
     <span class='ocr_line' id='line_1_50' title="bbox 996 2193 1056 2223; baseline 0.033 -2"><span class='ocrx_word' id='word_1_269' title='bbox 996 2193 1056 2223; x_wconf 82' lang='grc' dir='ltr'>ιιοιι.</span> 
     </span>
    </p>
   </div>
   <div class='ocr_carea' id='block_1_9' title="bbox 917 2251 1428 2562">
    <p class='ocr_par' dir='ltr' id='par_1_13' title="bbox 917 2251 1428 2562">
     <span class='ocr_line' id='line_1_51' title="bbox 920 2251 1428 2323; baseline 0.002 -21"><span class='ocrx_word' id='word_1_270' title='bbox 920 2251 1209 2322; x_wconf 79' lang='lat' dir='ltr'><strong>Censerentrecepimus</strong></span> <span class='ocrx_word' id='word_1_271' title='bbox 1217 2265 1243 2303; x_wconf 93' lang='lat' dir='ltr'><strong>et</strong></span> <span class='ocrx_word' id='word_1_272' title='bbox 1251 2253 1302 2322; x_wconf 85' lang='lat' dir='ltr'><strong>ipsi</strong></span> <span class='ocrx_word' id='word_1_273' title='bbox 1307 2271 1359 2323; x_wconf 90' lang='lat' dir='ltr'><strong>pro</strong></span> <span class='ocrx_word' id='word_1_274' title='bbox 1368 2271 1428 2303; x_wconf 83' lang='lat' dir='ltr'><strong>een-</strong></span> 
     </span>
     <span class='ocr_line' id='line_1_52' title="bbox 917 2330 1426 2384; baseline 0.004 -4"><span class='ocrx_word' id='word_1_275' title='bbox 917 2339 987 2381; x_wconf 82' lang='lat' dir='ltr'><strong>seret.</strong></span> <span class='ocrx_word' id='word_1_276' title='bbox 998 2330 1060 2381; x_wconf 80' lang='lat' dir='ltr'><strong>Nou</strong></span> <span class='ocrx_word' id='word_1_277' title='bbox 1071 2332 1141 2382; x_wconf 90' lang='lat' dir='ltr'><strong>enim</strong></span> <span class='ocrx_word' id='word_1_278' title='bbox 1151 2330 1184 2382; x_wconf 84' lang='lat' dir='ltr'><strong>ud</strong></span> <span class='ocrx_word' id='word_1_279' title='bbox 1192 2333 1278 2383; x_wconf 86' lang='lat' dir='ltr'><strong>solum</strong></span> <span class='ocrx_word' id='word_1_280' title='bbox 1285 2331 1426 2384; x_wconf 78' lang='lat' dir='ltr'><strong>Vitellium</strong></span> 
     </span>
     <span class='ocr_line' id='line_1_53' title="bbox 919 2408 1427 2478; baseline 0.01 -18"><span class='ocrx_word' id='word_1_281' title='bbox 919 2408 1098 2475; x_wconf 81' lang='lat' dir='ltr'><strong>referendum,</strong></span> <span class='ocrx_word' id='word_1_282' title='bbox 1118 2409 1165 2462; x_wconf 86' lang='lat' dir='ltr'><strong>sed</strong></span> <span class='ocrx_word' id='word_1_283' title='bbox 1179 2411 1214 2463; x_wconf 88' lang='lat' dir='ltr'><strong>ad</strong></span> <span class='ocrx_word' id='word_1_284' title='bbox 1228 2431 1274 2464; x_wconf 87' lang='lat' dir='ltr'><strong>eos</strong></span> <span class='ocrx_word' id='word_1_285' title='bbox 1293 2415 1427 2478; x_wconf 83' lang='lat' dir='ltr'><strong>maxime,</strong></span> 
     </span>
     <span class='ocr_line' id='line_1_54' title="bbox 919 2489 1356 2562; baseline 0.007 -22"><span class='ocrx_word' id='word_1_286' title='bbox 919 2491 965 2560; x_wconf 86' lang='lat' dir='ltr'><strong>qui</strong></span> <span class='ocrx_word' id='word_1_287' title='bbox 977 2491 1001 2541; x_wconf 89' lang='lat' dir='ltr'><strong>ei</strong></span> <span class='ocrx_word' id='word_1_288' title='bbox 1013 2492 1100 2541; x_wconf 84' lang='lat' dir='ltr'><strong>statim</strong></span> <span class='ocrx_word' id='word_1_289' title='bbox 1114 2489 1356 2562; x_wconf 79' lang='lat' dir='ltr'><strong>adstipulabantur.</strong></span> 
     </span>
    </p>
   </div>
   <div class='ocr_carea' id='block_1_10' title="bbox 914 2575 1428 3574">
    <p class='ocr_par' dir='ltr' id='par_1_14' title="bbox 914 2575 1428 3574">
     <span class='ocr_line' id='line_1_55' title="bbox 956 2575 1426 2648; baseline 0.006 -22"><span class='ocrx_word' id='word_1_290' title='bbox 956 2591 996 2626; x_wconf 90' lang='lat' dir='ltr'><strong>tt.</strong></span> <span class='ocrx_word' id='word_1_291' title='bbox 1007 2576 1209 2648; x_wconf 77' lang='lat' dir='ltr'><strong>Bantiamque...</strong></span> <span class='ocrx_word' id='word_1_292' title='bbox 1217 2575 1426 2630; x_wconf 81' lang='lat' dir='ltr'><strong>veniamtalium</strong></span> 
     </span>
     <span class='ocr_line' id='line_1_56' title="bbox 917 2653 1426 2728; baseline 0.01 -25"><span class='ocrx_word' id='word_1_293' title='bbox 917 2653 1103 2726; x_wconf 72' lang='lat' dir='ltr'><strong>eonjnqt‘omm.</strong></span> <span class='ocrx_word' id='word_1_294' title='bbox 1112 2655 1235 2721; x_wconf 79' lang='lat' dir='ltr'><strong>Tacitus,</strong></span> <span class='ocrx_word' id='word_1_295' title='bbox 1246 2653 1309 2707; x_wconf 86' lang='lat' dir='ltr'><strong>ibid.</strong></span> <span class='ocrx_word' id='word_1_296' title='bbox 1318 2675 1381 2728; x_wconf 86' lang='lat' dir='ltr'><strong>cap.</strong></span> <span class='ocrx_word' id='word_1_297' title='bbox 1396 2674 1426 2726; x_wconf 82' lang='lat'><strong>7:</strong></span> 
     </span>
     <span class='ocr_line' id='line_1_57' title="bbox 920 2729 1428 2806; baseline 0.016 -28"><span class='ocrx_word' id='word_1_298' title='bbox 920 2754 931 2777; x_wconf 78' lang='grc' dir='ltr'>ι</span> <span class='ocrx_word' id='word_1_299' title='bbox 944 2729 1067 2784; x_wconf 84' lang='lat' dir='ltr'><strong>Senatum</strong></span> <span class='ocrx_word' id='word_1_300' title='bbox 1091 2733 1226 2802; x_wconf 77' lang='lat' dir='ltr'><strong>ingressus</strong></span> <span class='ocrx_word' id='word_1_301' title='bbox 1253 2733 1428 2806; x_wconf 84' lang='lat' dir='ltr'><strong>(Claudius)</strong></span> 
     </span>
     <span class='ocr_line' id='line_1_58' title="bbox 917 2811 1428 2886; baseline 0.008 -24"><span class='ocrx_word' id='word_1_302' title='bbox 917 2811 1050 2864; x_wconf 88' lang='lat' dir='ltr'><strong>decretum</strong></span> <span class='ocrx_word' id='word_1_303' title='bbox 1060 2813 1192 2884; x_wconf 86' lang='lat' dir='ltr'><strong>postulat,</strong></span> <span class='ocrx_word' id='word_1_304' title='bbox 1205 2833 1258 2886; x_wconf 90' lang='lat' dir='ltr'><strong>quo</strong></span> <span class='ocrx_word' id='word_1_305' title='bbox 1264 2817 1344 2886; x_wconf 71' lang='lat' dir='ltr'><strong>juste</strong></span> <span class='ocrx_word' id='word_1_306' title='bbox 1355 2818 1428 2868; x_wconf 86' lang='lat' dir='ltr'><strong>inter</strong></span> 
     </span>
     <span class='ocr_line' id='line_1_59' title="bbox 916 2891 1425 2966; baseline 0.01 -25"><span class='ocrx_word' id='word_1_307' title='bbox 916 2905 1025 2961; x_wconf 84' lang='lat' dir='ltr'><strong>patruos</strong></span> <span class='ocrx_word' id='word_1_308' title='bbox 1046 2893 1209 2965; x_wconf 78' lang='lat' dir='ltr'><strong>fratrumque</strong></span> <span class='ocrx_word' id='word_1_309' title='bbox 1231 2891 1299 2946; x_wconf 83' lang='lat' dir='ltr'><strong>filias</strong></span> <span class='ocrx_word' id='word_1_310' title='bbox 1321 2897 1425 2966; x_wconf 70' lang='lat' dir='ltr'><strong>nuptiae</strong></span> 
     </span>
     <span class='ocr_line' id='line_1_60' title="bbox 917 2971 1420 3041; baseline 0.006 -21"><span class='ocrx_word' id='word_1_311' title='bbox 917 2971 996 3020; x_wconf 87' lang='lat' dir='ltr'><strong>etiam</strong></span> <span class='ocrx_word' id='word_1_312' title='bbox 1012 2972 1039 3021; x_wconf 82' lang='lat' dir='ltr'><strong>in</strong></span> <span class='ocrx_word' id='word_1_313' title='bbox 1054 2983 1187 3041; x_wconf 83' lang='lat' dir='ltr'><strong>posterum</strong></span> <span class='ocrx_word' id='word_1_314' title='bbox 1203 2982 1395 3026; x_wconf 81' lang='lat' dir='ltr'><strong>statuerentur.</strong></span> <span class='ocrx_word' id='word_1_315' title='bbox 1408 2997 1420 3018; x_wconf 82' lang='grc' dir='ltr'>ι</span> 
     </span>
     <span class='ocr_line' id='line_1_61' title="bbox 916 3048 1425 3120; baseline 0.01 -22"><span class='ocrx_word' id='word_1_316' title='bbox 916 3048 1017 3099; x_wconf 74' lang='lat' dir='ltr'><strong>Incesta</strong></span> <span class='ocrx_word' id='word_1_317' title='bbox 1027 3062 1114 3099; x_wconf 88' lang='lat' dir='ltr'><strong>autern</strong></span> <span class='ocrx_word' id='word_1_318' title='bbox 1126 3067 1180 3099; x_wconf 90' lang='lat' dir='ltr'><strong>non</strong></span> <span class='ocrx_word' id='word_1_319' title='bbox 1190 3048 1326 3120; x_wconf 86' lang='lat' dir='ltr'><strong>prohibita</strong></span> <span class='ocrx_word' id='word_1_320' title='bbox 1340 3051 1425 3103; x_wconf 89' lang='lat' dir='ltr'><strong>modo</strong></span> 
     </span>
     <span class='ocr_line' id='line_1_62' title="bbox 918 3126 1425 3201; baseline 0.012 -25"><span class='ocrx_word' id='word_1_321' title='bbox 918 3141 993 3177; x_wconf 84' lang='lat' dir='ltr'><strong>antea</strong></span> <span class='ocrx_word' id='word_1_322' title='bbox 1017 3127 1145 3193; x_wconf 79' lang='lat' dir='ltr'><strong>fuerant,</strong></span> <span class='ocrx_word' id='word_1_323' title='bbox 1172 3126 1217 3181; x_wconf 88' lang='lat' dir='ltr'><strong>sed</strong></span> <span class='ocrx_word' id='word_1_324' title='bbox 1240 3131 1267 3180; x_wconf 90' lang='lat' dir='ltr'><strong>in</strong></span> <span class='ocrx_word' id='word_1_325' title='bbox 1291 3130 1425 3201; x_wconf 70' lang='lat' dir='ltr'><strong>prodigiis</strong></span> 
     </span>
     <span class='ocr_line' id='line_1_63' title="bbox 916 3202 1424 3260; baseline 0.012 -6"><span class='ocrx_word' id='word_1_326' title='bbox 916 3206 995 3255; x_wconf 86' lang='lat' dir='ltr'><strong>etiarn</strong></span> <span class='ocrx_word' id='word_1_327' title='bbox 1011 3202 1109 3256; x_wconf 85' lang='lat' dir='ltr'><strong>habita.</strong></span> <span class='ocrx_word' id='word_1_328' title='bbox 1130 3205 1194 3258; x_wconf 85' lang='lat' dir='ltr'><strong>Vide</strong></span> <span class='ocrx_word' id='word_1_329' title='bbox 1206 3205 1374 3260; x_wconf 81' lang='lat' dir='ltr'><strong>Gronovium</strong></span> <span class='ocrx_word' id='word_1_330' title='bbox 1388 3208 1424 3260; x_wconf 82' lang='lat' dir='ltr'><strong>ad</strong></span> 
     </span>
     <span class='ocr_line' id='line_1_64' title="bbox 916 3281 1424 3352; baseline 0.008 -20"><span class='ocrx_word' id='word_1_331' title='bbox 916 3283 998 3333; x_wconf 86' lang='lat' dir='ltr'><strong>Tacit.</strong></span> <span class='ocrx_word' id='word_1_332' title='bbox 1016 3281 1114 3334; x_wconf 82' lang='lat' dir='ltr'><strong>Annal.</strong></span> <span class='ocrx_word' id='word_1_333' title='bbox 1133 3283 1196 3350; x_wconf 84' lang='lat' dir='ltr'><strong>Xll,</strong></span> <span class='ocrx_word' id='word_1_334' title='bbox 1215 3281 1247 3348; x_wconf 85' lang='lat'><strong>5,</strong></span> <span class='ocrx_word' id='word_1_335' title='bbox 1274 3285 1369 3352; x_wconf 73' lang='lat' dir='ltr'><strong>nQuin</strong></span> <span class='ocrx_word' id='word_1_336' title='bbox 1395 3299 1424 3336; x_wconf 90' lang='lat' dir='ltr'><strong>et</strong></span> 
     </span>
     <span class='ocr_line' id='line_1_65' title="bbox 915 3365 1423 3434; baseline 0.006 -20"><span class='ocrx_word' id='word_1_337' title='bbox 915 3365 1060 3429; x_wconf 88' lang='lat' dir='ltr'><strong>incestum,</strong></span> <span class='ocrx_word' id='word_1_338' title='bbox 1081 3383 1126 3430; x_wconf 87' lang='lat' dir='ltr'><strong>ae,</strong></span> <span class='ocrx_word' id='word_1_339' title='bbox 1147 3365 1168 3416; x_wconf 88' lang='lat' dir='ltr'><strong>si</strong></span> <span class='ocrx_word' id='word_1_340' title='bbox 1185 3378 1369 3434; x_wconf 81' lang='lat' dir='ltr'><strong>sperneretur,</strong></span> <span class='ocrx_word' id='word_1_341' title='bbox 1386 3385 1423 3417; x_wconf 86' lang='lat' dir='ltr'><strong>ne</strong></span> 
     </span>
     <span class='ocr_line' id='line_1_66' title="bbox 914 3443 1424 3515; baseline 0.008 -23"><span class='ocrx_word' id='word_1_342' title='bbox 914 3444 940 3493; x_wconf 91' lang='lat' dir='ltr'><strong>in</strong></span> <span class='ocrx_word' id='word_1_343' title='bbox 965 3443 1064 3493; x_wconf 86' lang='lat' dir='ltr'><strong>malum</strong></span> <span class='ocrx_word' id='word_1_344' title='bbox 1089 3443 1226 3514; x_wconf 89' lang='lat' dir='ltr'><strong>publicum</strong></span> <span class='ocrx_word' id='word_1_345' title='bbox 1250 3459 1424 3515; x_wconf 88' lang='lat' dir='ltr'><strong>erumperet,</strong></span> 
     </span>
     <span class='ocr_line' id='line_1_67' title="bbox 915 3521 1112 3574; baseline -0.015 -2"><span class='ocrx_word' id='word_1_346' title='bbox 915 3521 1091 3574; x_wconf 86' lang='lat' dir='ltr'><strong>metuebatur.</strong></span> <span class='ocrx_word' id='word_1_347' title='bbox 1101 3544 1112 3569; x_wconf 81' lang='grc' dir='ltr'>ι</span> 
     </span>
    </p>
   </div>
   <div class='ocr_carea' id='block_1_11' title="bbox 913 3611 1423 4295">
    <p class='ocr_par' dir='ltr' id='par_1_15' title="bbox 913 3611 1423 4295">
     <span class='ocr_line' id='line_1_68' title="bbox 954 3611 1423 3681; baseline 0.006 -21"><span class='ocrx_word' id='word_1_348' title='bbox 954 3627 993 3661; x_wconf 80' lang='lat'><strong>12.</strong></span> <span class='ocrx_word' id='word_1_349' title='bbox 1008 3612 1069 3664; x_wconf 83' lang='lat' dir='ltr'><strong>Il&#39;on</strong></span> <span class='ocrx_word' id='word_1_350' title='bbox 1082 3611 1199 3681; x_wconf 84' lang='lat' dir='ltr'><strong>repertis,</strong></span> <span class='ocrx_word' id='word_1_351' title='bbox 1211 3624 1261 3662; x_wconf 87' lang='lat' dir='ltr'><strong>etc.</strong></span> <span class='ocrx_word' id='word_1_352' title='bbox 1273 3613 1359 3662; x_wconf 86' lang='lat' dir='ltr'><strong>Tacit.</strong></span> <span class='ocrx_word' id='word_1_353' title='bbox 1371 3613 1423 3663; x_wconf 81' lang='lat' dir='ltr'><strong>Au·</strong></span> 
     </span>
     <span class='ocr_line' id='line_1_69' title="bbox 915 3688 1422 3764; baseline 0.006 -23"><span class='ocrx_word' id='word_1_354' title='bbox 915 3688 968 3741; x_wconf 85' lang='lat' dir='ltr'><strong>nal.</strong></span> <span class='ocrx_word' id='word_1_355' title='bbox 981 3691 1030 3741; x_wconf 80' lang='grc' dir='ltr'><strong>ΧΠ</strong></span> <span class='ocrx_word' id='word_1_356' title='bbox 1038 3730 1046 3759; x_wconf 82' lang='lat'><strong>,</strong></span> <span class='ocrx_word' id='word_1_357' title='bbox 1059 3707 1084 3762; x_wconf 88' lang='lat'><strong>7,</strong></span> <span class='ocrx_word' id='word_1_358' title='bbox 1100 3693 1216 3762; x_wconf 79' lang='lat' dir='ltr'><strong>«Neque</strong></span> <span class='ocrx_word' id='word_1_359' title='bbox 1229 3703 1316 3742; x_wconf 87' lang='lat' dir='ltr'><strong>tamen</strong></span> <span class='ocrx_word' id='word_1_360' title='bbox 1331 3710 1422 3764; x_wconf 87' lang='lat' dir='ltr'><strong>reper-</strong></span> 
     </span>
     <span class='ocr_line' id='line_1_70' title="bbox 915 3765 1422 3832; baseline 0.002 -13"><span class='ocrx_word' id='word_1_361' title='bbox 915 3781 957 3819; x_wconf 89' lang='lat' dir='ltr'><strong>tus</strong></span> <span class='ocrx_word' id='word_1_362' title='bbox 967 3780 1020 3832; x_wconf 87' lang='lat' dir='ltr'><strong>est,</strong></span> <span class='ocrx_word' id='word_1_363' title='bbox 1030 3769 1081 3819; x_wconf 81' lang='lat' dir='ltr'><strong>nisi</strong></span> <span class='ocrx_word' id='word_1_364' title='bbox 1093 3787 1174 3832; x_wconf 85' lang='lat' dir='ltr'><strong>unus,</strong></span> <span class='ocrx_word' id='word_1_365' title='bbox 1190 3765 1248 3818; x_wconf 86' lang='lat' dir='ltr'><strong>talis</strong></span> <span class='ocrx_word' id='word_1_366' title='bbox 1259 3769 1422 3820; x_wconf 86' lang='lat' dir='ltr'><strong>matrimonii</strong></span> 
     </span>
     <span class='ocr_line' id='line_1_71' title="bbox 915 3846 1421 3919; baseline 0 -21"><span class='ocrx_word' id='word_1_367' title='bbox 915 3846 1421 3919; x_wconf 78' lang='lat' dir='ltr'><strong>cupitor,T.AllediusSeverus,Eques</strong></span> 
     </span>
     <span class='ocr_line' id='line_1_72' title="bbox 914 3925 1422 3997; baseline -0.002 -20"><span class='ocrx_word' id='word_1_368' title='bbox 914 3927 1065 3992; x_wconf 84' lang='lat' dir='ltr'><strong>Rorrrnnns,</strong></span> <span class='ocrx_word' id='word_1_369' title='bbox 1079 3945 1154 3997; x_wconf 83' lang='lat' dir='ltr'><strong>quem</strong></span> <span class='ocrx_word' id='word_1_370' title='bbox 1167 3925 1286 3996; x_wconf 83' lang='lat' dir='ltr'><strong>plerique</strong></span> <span class='ocrx_word' id='word_1_371' title='bbox 1297 3926 1422 3996; x_wconf 62' lang='lat' dir='ltr'><strong>Agrippi·</strong></span> 
     </span>
     <span class='ocr_line' id='line_1_73' title="bbox 915 4003 1417 4075; baseline -0.008 -20"><span class='ocrx_word' id='word_1_372' title='bbox 915 4022 953 4055; x_wconf 77' lang='lat' dir='ltr'><strong>nae</strong></span> <span class='ocrx_word' id='word_1_373' title='bbox 972 4007 1054 4075; x_wconf 71' lang='lat' dir='ltr'><strong>gratia</strong></span> <span class='ocrx_word' id='word_1_374' title='bbox 1074 4004 1233 4075; x_wconf 84' lang='lat' dir='ltr'><strong>impulsum,</strong></span> <span class='ocrx_word' id='word_1_375' title='bbox 1255 4003 1417 4068; x_wconf 73' lang='lat' dir='ltr'><strong>ferebant,-</strong></span> 
     </span>
     <span class='ocr_line' id='line_1_74' title="bbox 915 4081 1420 4156; baseline 0.004 -22"><span class='ocrx_word' id='word_1_376' title='bbox 915 4083 961 4134; x_wconf 93' lang='lat' dir='ltr'><strong>ubi</strong></span> <span class='ocrx_word' id='word_1_377' title='bbox 970 4101 1029 4134; x_wconf 81' lang='lat' dir='ltr'><strong>vere</strong></span> <span class='ocrx_word' id='word_1_378' title='bbox 1039 4083 1142 4156; x_wconf 82' lang='lat' dir='ltr'><strong>Lipsius</strong></span> <span class='ocrx_word' id='word_1_379' title='bbox 1153 4096 1240 4136; x_wconf 88' lang='lat' dir='ltr'><strong>notat:</strong></span> <span class='ocrx_word' id='word_1_380' title='bbox 1252 4085 1313 4135; x_wconf 82' lang='lat' dir='ltr'><strong>Non</strong></span> <span class='ocrx_word' id='word_1_381' title='bbox 1325 4081 1420 4137; x_wconf 78' lang='lat' dir='ltr'><strong>ltalnrit</strong></span> 
     </span>
     <span class='ocr_line' id='line_1_75' title="bbox 914 4163 1420 4236; baseline 0.004 -24"><span class='ocrx_word' id='word_1_382' title='bbox 914 4167 1091 4229; x_wconf 79' lang='lat' dir='ltr'><strong>curre,ueseio</strong></span> <span class='ocrx_word' id='word_1_383' title='bbox 1101 4182 1179 4236; x_wconf 84' lang='lat' dir='ltr'><strong>quern</strong></span> <span class='ocrx_word' id='word_1_384' title='bbox 1190 4173 1329 4217; x_wconf 83' lang='lat' dir='ltr'><strong>recensete</strong></span> <span class='ocrx_word' id='word_1_385' title='bbox 1341 4163 1420 4216; x_wconf 77' lang='lat' dir='ltr'><strong>liber·</strong></span> 
     </span>
     <span class='ocr_line' id='line_1_76' title="bbox 913 4255 1005 4295; baseline -0.011 -2"><span class='ocrx_word' id='word_1_386' title='bbox 913 4255 1005 4295; x_wconf 77' lang='grc'>[11111111.</span> 
     </span>
    </p>
   </div>
   <div class='ocr_carea' id='block_1_12' title="bbox 0 0 1532 5152">
    <p class='ocr_par' dir='ltr' id='par_1_16' title="bbox 0 0 1532 5152">
     <span class='ocr_line' id='line_1_77' title="bbox 0 0 1532 5152; baseline 0 2"><span class='ocrx_word' id='word_1_387' title='bbox 0 0 1532 5152; x_wconf 95' lang='lat' dir='ltr'><strong> </strong></span> 
     </span>
    </p>
   </div>
  </div>
 </body>
</html>
