<?xml version="1.0" encoding="UTF-8"?>
<!DOCTYPE html PUBLIC "-//W3C//DTD XHTML 1.0 Transitional//EN"
    "http://www.w3.org/TR/xhtml1/DTD/xhtml1-transitional.dtd">
<html xmlns="http://www.w3.org/1999/xhtml" xml:lang="en" lang="en">
 <head>
  <title>
</title>
<meta http-equiv="Content-Type" content="text/html;charset=utf-8" />
  <meta name='ocr-system' content='tesseract 3.04.00' />
  <meta name='ocr-capabilities' content='ocr_page ocr_carea ocr_par ocr_line ocrx_word'/>
</head>
<body>
  <div class='ocr_page' id='page_1' title='image "./csuetoniitranqu00suetgoog_0399.png"; bbox 0 0 3068 5144; ppageno 0'>
   <div class='ocr_carea' id='block_1_1' title="bbox 549 555 1147 624">
    <p class='ocr_par' dir='ltr' id='par_1_1' title="bbox 549 555 1147 624">
     <span class='ocr_line' id='line_1_1' title="bbox 549 555 1147 624; baseline 0.008 -5"><span class='ocrx_word' id='word_1_1' title='bbox 549 555 706 620; x_wconf 84' lang='lat' dir='ltr'><strong>TITUS.</strong></span> <span class='ocrx_word' id='word_1_2' title='bbox 1083 557 1147 624; x_wconf 81' lang='lat'><strong>365</strong></span> 
     </span>
    </p>
   </div>
   <div class='ocr_carea' id='block_1_2' title="bbox 102 677 1154 1434">
    <p class='ocr_par' dir='ltr' id='par_1_2' title="bbox 102 677 1154 1434">
     <span class='ocr_line' id='line_1_2' title="bbox 104 677 1150 774; baseline 0.004 -28"><span class='ocrx_word' id='word_1_3' title='bbox 104 680 247 772; x_wconf 76' lang='lat' dir='ltr'><strong>gulosis,</strong></span> <span class='ocrx_word' id='word_1_4' title='bbox 269 678 444 748; x_wconf 86' lang='lat' dir='ltr'><strong>docilitas²</strong></span> <span class='ocrx_word' id='word_1_5' title='bbox 465 678 508 745; x_wconf 89' lang='lat' dir='ltr'><strong>ad</strong></span> <span class='ocrx_word' id='word_1_6' title='bbox 531 700 649 746; x_wconf 89' lang='lat' dir='ltr'><strong>omnes</strong></span> <span class='ocrx_word' id='word_1_7' title='bbox 669 677 739 744; x_wconf 82' lang='lat' dir='ltr'><strong>fere</strong></span> <span class='ocrx_word' id='word_1_8' title='bbox 757 693 829 744; x_wconf 90' lang='lat' dir='ltr'><strong>tum</strong></span> <span class='ocrx_word' id='word_1_9' title='bbox 846 677 942 762; x_wconf 92' lang='lat' dir='ltr'><strong>belli,</strong></span> <span class='ocrx_word' id='word_1_10' title='bbox 964 695 1038 748; x_wconf 90' lang='lat' dir='ltr'><strong>tum</strong></span> <span class='ocrx_word' id='word_1_11' title='bbox 1059 686 1150 774; x_wconf 86' lang='lat' dir='ltr'><strong>pacis</strong></span> 
     </span>
     <span class='ocr_line' id='line_1_3' title="bbox 102 781 1151 882; baseline 0.004 -26"><span class='ocrx_word' id='word_1_12' title='bbox 102 805 201 856; x_wconf 87' lang='lat' dir='ltr'><strong>artes.</strong></span> <span class='ocrx_word' id='word_1_13' title='bbox 219 795 400 856; x_wconf 89' lang='lat' dir='ltr'><strong>Armorum</strong></span> <span class='ocrx_word' id='word_1_14' title='bbox 415 803 448 855; x_wconf 92' lang='lat' dir='ltr'><strong>et</strong></span> <span class='ocrx_word' id='word_1_15' title='bbox 462 785 633 882; x_wconf 88' lang='lat' dir='ltr'><strong>equitandi</strong></span> <span class='ocrx_word' id='word_1_16' title='bbox 646 785 889 880; x_wconf 84' lang='lat' dir='ltr'><strong>peritissimus³</strong></span> <span class='ocrx_word' id='word_1_17' title='bbox 903 781 1046 858; x_wconf 56' lang='lat' dir='ltr'><strong>{Latine</strong></span> <span class='ocrx_word' id='word_1_18' title='bbox 1060 796 1151 859; x_wconf 84' lang='lat' dir='ltr'><strong>Grae·</strong></span> 
     </span>
     <span class='ocr_line' id='line_1_4' title="bbox 103 897 1152 996; baseline 0.004 -29"><span class='ocrx_word' id='word_1_19' title='bbox 103 923 209 994; x_wconf 90' lang='lat' dir='ltr'><strong>ceque</strong></span> <span class='ocrx_word' id='word_1_20' title='bbox 222 901 276 968; x_wconf 87' lang='lat' dir='ltr'><strong>vel</strong></span> <span class='ocrx_word' id='word_1_21' title='bbox 290 903 325 967; x_wconf 90' lang='lat' dir='ltr'><strong>in</strong></span> <span class='ocrx_word' id='word_1_22' title='bbox 339 899 483 982; x_wconf 85' lang='lat' dir='ltr'><strong>oranda,</strong></span> <span class='ocrx_word' id='word_1_23' title='bbox 498 899 552 967; x_wconf 85' lang='lat' dir='ltr'><strong>vel</strong></span> <span class='ocrx_word' id='word_1_24' title='bbox 565 902 600 966; x_wconf 91' lang='lat' dir='ltr'><strong>in</strong></span> <span class='ocrx_word' id='word_1_25' title='bbox 616 897 782 990; x_wconf 75' lang='lat' dir='ltr'><strong>fingendis</strong></span> <span class='ocrx_word' id='word_1_26' title='bbox 798 901 1023 992; x_wconf 79' lang='lat' dir='ltr'>poematibus,</span> <span class='ocrx_word' id='word_1_27' title='bbox 1037 929 1152 996; x_wconf 91' lang='lat' dir='ltr'><strong>prom·</strong></span> 
     </span>
     <span class='ocr_line' id='line_1_5' title="bbox 103 1010 1152 1106; baseline 0.005 -29"><span class='ocrx_word' id='word_1_28' title='bbox 103 1010 178 1080; x_wconf 69' lang='lat' dir='ltr'><strong>tusl</strong></span> <span class='ocrx_word' id='word_1_29' title='bbox 193 1029 229 1080; x_wconf 92' lang='lat' dir='ltr'><strong>et</strong></span> <span class='ocrx_word' id='word_1_30' title='bbox 241 1011 364 1096; x_wconf 86' lang='lat' dir='ltr'><strong>facilis,</strong></span> <span class='ocrx_word' id='word_1_31' title='bbox 382 1011 426 1079; x_wconf 89' lang='lat' dir='ltr'><strong>ad</strong></span> <span class='ocrx_word' id='word_1_32' title='bbox 443 1010 765 1103; x_wconf 83' lang='lat' dir='ltr'><strong>extemporalitatem</strong></span> <span class='ocrx_word' id='word_1_33' title='bbox 778 1012 925 1106; x_wconf 81' lang='lat' dir='ltr'><strong>usque⁵z</strong></span> <span class='ocrx_word' id='word_1_34' title='bbox 944 1010 1061 1081; x_wconf 89' lang='lat' dir='ltr'><strong>sedne</strong></span> <span class='ocrx_word' id='word_1_35' title='bbox 1078 1040 1152 1082; x_wconf 92' lang='lat' dir='ltr'><strong>mu-</strong></span> 
     </span>
     <span class='ocr_line' id='line_1_6' title="bbox 103 1119 1153 1217; baseline 0.004 -29"><span class='ocrx_word' id='word_1_36' title='bbox 103 1123 179 1188; x_wconf 85' lang='lat' dir='ltr'><strong>sicae</strong></span> <span class='ocrx_word' id='word_1_37' title='bbox 194 1119 334 1216; x_wconf 91' lang='lat' dir='ltr'><strong>quidem</strong></span> <span class='ocrx_word' id='word_1_38' title='bbox 347 1121 460 1204; x_wconf 90' lang='lat' dir='ltr'><strong>rudis,</strong></span> <span class='ocrx_word' id='word_1_39' title='bbox 474 1137 513 1188; x_wconf 93' lang='lat' dir='ltr'><strong>ut</strong></span> <span class='ocrx_word' id='word_1_40' title='bbox 528 1123 586 1217; x_wconf 94' lang='lat' dir='ltr'><strong>qui</strong></span> <span class='ocrx_word' id='word_1_41' title='bbox 600 1135 749 1188; x_wconf 83' lang='lat' dir='ltr'><strong>cantaret</strong></span> <span class='ocrx_word' id='word_1_42' title='bbox 763 1137 796 1187; x_wconf 92' lang='lat' dir='ltr'><strong>et</strong></span> <span class='ocrx_word' id='word_1_43' title='bbox 809 1120 989 1212; x_wconf 82' lang='lat' dir='ltr'><strong>psalleret⁶</strong></span> <span class='ocrx_word' id='word_1_44' title='bbox 1002 1121 1153 1215; x_wconf 87' lang='lat' dir='ltr'><strong>jucunde</strong></span> 
     </span>
     <span class='ocr_line' id='line_1_7' title="bbox 104 1231 1153 1327; baseline 0.003 -29"><span class='ocrx_word' id='word_1_45' title='bbox 104 1234 327 1326; x_wconf 81' lang='lat' dir='ltr'><strong>scienterque.</strong></span> <span class='ocrx_word' id='word_1_46' title='bbox 347 1237 375 1298; x_wconf 91' lang='lat' dir='ltr'><strong>E</strong></span> <span class='ocrx_word' id='word_1_47' title='bbox 392 1231 546 1324; x_wconf 88' lang='lat' dir='ltr'><strong>pluribus</strong></span> <span class='ocrx_word' id='word_1_48' title='bbox 563 1232 728 1326; x_wconf 88' lang='lat' dir='ltr'><strong>comperi,</strong></span> <span class='ocrx_word' id='word_1_49' title='bbox 745 1233 834 1298; x_wconf 90' lang='lat' dir='ltr'><strong>notis</strong></span> <span class='ocrx_word' id='word_1_50' title='bbox 849 1237 985 1327; x_wconf 88' lang='lat' dir='ltr'><strong>quoque</strong></span> <span class='ocrx_word' id='word_1_51' title='bbox 1001 1236 1153 1326; x_wconf 89' lang='lat' dir='ltr'><strong>excipere</strong></span> 
     </span>
     <span class='ocr_line' id='line_1_8' title="bbox 103 1339 1154 1434; baseline 0.004 -26"><span class='ocrx_word' id='word_1_52' title='bbox 103 1341 314 1410; x_wconf 89' lang='lat' dir='ltr'><strong>velocissime</strong></span> <span class='ocrx_word' id='word_1_53' title='bbox 330 1342 482 1424; x_wconf 90' lang='lat' dir='ltr'><strong>solitum,</strong></span> <span class='ocrx_word' id='word_1_54' title='bbox 502 1365 580 1410; x_wconf 91' lang='lat' dir='ltr'><strong>cum</strong></span> <span class='ocrx_word' id='word_1_55' title='bbox 595 1339 855 1408; x_wconf 88' lang='lat' dir='ltr'><strong>amanuensibus</strong></span> <span class='ocrx_word' id='word_1_56' title='bbox 873 1343 940 1410; x_wconf 92' lang='lat' dir='ltr'><strong>suis</strong></span> <span class='ocrx_word' id='word_1_57' title='bbox 959 1367 1020 1434; x_wconf 90' lang='lat' dir='ltr'><strong>per</strong></span> <span class='ocrx_word' id='word_1_58' title='bbox 1036 1343 1154 1412; x_wconf 92' lang='lat' dir='ltr'><strong>ludum</strong></span> 
     </span>
    </p>
   </div>
   <div class='ocr_carea' id='block_1_3' title="bbox 101 1452 1272 1548">
    <p class='ocr_par' dir='ltr' id='par_1_3' title="bbox 101 1452 1272 1548">
     <span class='ocr_line' id='line_1_9' title="bbox 101 1452 1272 1548; baseline 0.002 -27"><span class='ocrx_word' id='word_1_59' title='bbox 101 1452 286 1548; x_wconf 84' lang='lat' dir='ltr'><strong>jocumque</strong></span> <span class='ocrx_word' id='word_1_60' title='bbox 300 1472 502 1536; x_wconf 88' lang='lat' dir='ltr'><strong>certantem,</strong></span> <span class='ocrx_word' id='word_1_61' title='bbox 518 1456 727 1548; x_wconf 88' lang='lat' dir='ltr'><strong>imitarique⁷</strong></span> <span class='ocrx_word' id='word_1_62' title='bbox 743 1452 981 1548; x_wconf 76' lang='lat' dir='ltr'><strong>chirographa,</strong></span> <span class='ocrx_word' id='word_1_63' title='bbox 994 1479 1155 1548; x_wconf 87' lang='lat' dir='ltr'><strong>quaeeun-</strong></span> <span class='ocrx_word' id='word_1_64' title='bbox 1265 1536 1272 1544; x_wconf 31' lang='grc' dir='ltr'>Ι</span> 
     </span>
    </p>
   </div>
   <div class='ocr_carea' id='block_1_4' title="bbox 104 1555 1160 1982">
    <p class='ocr_par' dir='ltr' id='par_1_4' title="bbox 104 1555 1160 1768">
     <span class='ocr_line' id='line_1_10' title="bbox 104 1555 1160 1660; baseline 0.005 -30"><span class='ocrx_word' id='word_1_65' title='bbox 104 1589 171 1660; x_wconf 90' lang='lat' dir='ltr'><strong>que</strong></span> <span class='ocrx_word' id='word_1_66' title='bbox 187 1563 342 1650; x_wconf 86' lang='lat' dir='ltr'><strong>vidisset,</strong></span> <span class='ocrx_word' id='word_1_67' title='bbox 358 1590 398 1634; x_wconf 86' lang='lat' dir='ltr'><strong>ac</strong></span> <span class='ocrx_word' id='word_1_68' title='bbox 415 1590 504 1659; x_wconf 85' lang='lat' dir='ltr'><strong>saepe</strong></span> <span class='ocrx_word' id='word_1_69' title='bbox 520 1563 686 1658; x_wconf 81' lang='lat' dir='ltr'><strong>profiteri,</strong></span> <span class='ocrx_word' id='word_1_70' title='bbox 708 1595 722 1624; x_wconf 79' lang='grc' dir='ltr'><strong>α</strong></span> <span class='ocrx_word' id='word_1_71' title='bbox 735 1587 772 1631; x_wconf 91' lang='lat' dir='ltr'><strong>se</strong></span> <span class='ocrx_word' id='word_1_72' title='bbox 786 1568 971 1633; x_wconf 86' lang='lat' dir='ltr'><strong>maximum</strong></span> <span class='ocrx_word' id='word_1_73' title='bbox 984 1555 1160 1635; x_wconf 77' lang='lat' dir='ltr'><strong>falsarium</strong></span> 
     </span>
     <span class='ocr_line' id='line_1_11' title="bbox 105 1680 387 1768; baseline 0.011 -27"><span class='ocrx_word' id='word_1_74' title='bbox 105 1699 179 1744; x_wconf 90' lang='lat' dir='ltr'><strong>esse</strong></span> <span class='ocrx_word' id='word_1_75' title='bbox 193 1680 355 1768; x_wconf 91' lang='lat' dir='ltr'><strong>potuisse.</strong></span> <span class='ocrx_word' id='word_1_76' title='bbox 373 1708 387 1737; x_wconf 67' lang='lat' dir='ltr'><strong>a</strong></span> 
     </span>
    </p>

    <p class='ocr_par' dir='ltr' id='par_1_5' title="bbox 106 1767 1156 1982">
     <span class='ocr_line' id='line_1_12' title="bbox 131 1767 1156 1855; baseline 0.002 -3"><span class='ocrx_word' id='word_1_77' title='bbox 131 1767 135 1777; x_wconf 48' lang='lat'><strong>.</strong></span> <span class='ocrx_word' id='word_1_78' title='bbox 151 1791 211 1853; x_wconf 90' lang='lat' dir='ltr'><strong>IV.</strong></span> <span class='ocrx_word' id='word_1_79' title='bbox 237 1787 410 1854; x_wconf 88' lang='lat' dir='ltr'><strong>Tribunus</strong></span> <span class='ocrx_word' id='word_1_80' title='bbox 424 1786 568 1855; x_wconf 89' lang='lat' dir='ltr'><strong>militum</strong></span> <span class='ocrx_word' id='word_1_81' title='bbox 582 1802 614 1853; x_wconf 90' lang='lat' dir='ltr'><strong>et</strong></span> <span class='ocrx_word' id='word_1_82' title='bbox 627 1789 662 1852; x_wconf 90' lang='lat' dir='ltr'><strong>in</strong></span> <span class='ocrx_word' id='word_1_83' title='bbox 676 1788 872 1852; x_wconf 88' lang='lat' dir='ltr'><strong>Germania¹</strong></span> <span class='ocrx_word' id='word_1_84' title='bbox 891 1803 924 1854; x_wconf 91' lang='lat' dir='ltr'><strong>et</strong></span> <span class='ocrx_word' id='word_1_85' title='bbox 939 1790 973 1854; x_wconf 90' lang='lat' dir='ltr'><strong>in</strong></span> <span class='ocrx_word' id='word_1_86' title='bbox 987 1789 1156 1854; x_wconf 88' lang='lat' dir='ltr'><strong>Britannia</strong></span> 
     </span>
     <span class='ocr_line' id='line_1_13' title="bbox 106 1897 1154 1982; baseline 0.001 -17"><span class='ocrx_word' id='word_1_87' title='bbox 106 1901 250 1980; x_wconf 90' lang='lat' dir='ltr'><strong>meruit,</strong></span> <span class='ocrx_word' id='word_1_88' title='bbox 266 1923 398 1968; x_wconf 89' lang='lat' dir='ltr'><strong>summa</strong></span> <span class='ocrx_word' id='word_1_89' title='bbox 414 1897 603 1981; x_wconf 78' lang='lat' dir='ltr'><strong>industriae,</strong></span> <span class='ocrx_word' id='word_1_90' title='bbox 619 1921 682 1967; x_wconf 89' lang='lat' dir='ltr'><strong>nee</strong></span> <span class='ocrx_word' id='word_1_91' title='bbox 695 1901 826 1966; x_wconf 90' lang='lat' dir='ltr'><strong>minore</strong></span> <span class='ocrx_word' id='word_1_92' title='bbox 840 1897 1012 1967; x_wconf 88' lang='lat' dir='ltr'><strong>modestiae</strong></span> <span class='ocrx_word' id='word_1_93' title='bbox 1032 1899 1154 1982; x_wconf 75' lang='lat' dir='ltr'><strong>&#39;fama3</strong></span> 
     </span>
    </p>
   </div>
   <div class='ocr_carea' id='block_1_5' title="bbox 106 2081 1157 2184">
    <p class='ocr_par' dir='ltr' id='par_1_6' title="bbox 106 2081 1157 2184">
     <span class='ocr_line' id='line_1_14' title="bbox 106 2081 1157 2184; baseline 0 -22"><span class='ocrx_word' id='word_1_94' title='bbox 106 2109 272 2183; x_wconf 88' lang='lat' dir='ltr'><strong>impediatur</strong></span> <span class='ocrx_word' id='word_1_95' title='bbox 296 2111 342 2166; x_wconf 86' lang='lat' dir='ltr'><strong>tali</strong></span> <span class='ocrx_word' id='word_1_96' title='bbox 368 2081 490 2184; x_wconf 81' lang='lat' dir='ltr'><strong>corporis</strong></span> <span class='ocrx_word' id='word_1_97' title='bbox 514 2113 609 2164; x_wconf 81' lang='lat' dir='ltr'><strong>forma.</strong></span> <span class='ocrx_word' id='word_1_98' title='bbox 655 2129 759 2164; x_wconf 86' lang='lat' dir='ltr'><strong>canere.</strong></span> <span class='ocrx_word' id='word_1_99' title='bbox 779 2112 828 2163; x_wconf 85' lang='lat' dir='ltr'><strong>Hic</strong></span> <span class='ocrx_word' id='word_1_100' title='bbox 847 2110 922 2164; x_wconf 87' lang='lat' dir='ltr'><strong>locus</strong></span> <span class='ocrx_word' id='word_1_101' title='bbox 942 2112 1020 2177; x_wconf 80' lang='lat' dir='ltr'><strong>lacit,</strong></span> <span class='ocrx_word' id='word_1_102' title='bbox 1039 2124 1069 2162; x_wconf 91' lang='lat' dir='ltr'><strong>ut</strong></span> <span class='ocrx_word' id='word_1_103' title='bbox 1084 2110 1157 2182; x_wconf 87' lang='lat' dir='ltr'><strong>apud</strong></span> 
     </span>
    </p>
   </div>
   <div class='ocr_carea' id='block_1_6' title="bbox 23 2189 1158 2264">
    <p class='ocr_par' dir='ltr' id='par_1_7' title="bbox 23 2189 1158 2264">
     <span class='ocr_line' id='line_1_15' title="bbox 23 2189 1158 2264; baseline 0.002 -23"><span class='ocrx_word' id='word_1_104' title='bbox 23 2205 25 2209; x_wconf 88' lang='lat'>·</span> <span class='ocrx_word' id='word_1_105' title='bbox 106 2193 236 2244; x_wconf 72' lang='lat' dir='ltr'><strong>Praeterea</strong></span> <span class='ocrx_word' id='word_1_106' title='bbox 247 2191 362 2244; x_wconf 83' lang='lat' dir='ltr'><strong>offendit</strong></span> <span class='ocrx_word' id='word_1_107' title='bbox 369 2194 475 2264; x_wconf 79' lang='lat' dir='ltr'><strong>pracip.</strong></span> <span class='ocrx_word' id='word_1_108' title='bbox 488 2193 566 2245; x_wconf 84' lang='lat' dir='ltr'><strong>robur</strong></span> <span class='ocrx_word' id='word_1_109' title='bbox 575 2193 611 2242; x_wconf 83' lang='lat' dir='ltr'><strong>ita</strong></span> <span class='ocrx_word' id='word_1_110' title='bbox 656 2189 805 2243; x_wconf 82' lang='lat' dir='ltr'><strong>Sallustium</strong></span> <span class='ocrx_word' id='word_1_111' title='bbox 817 2192 911 2256; x_wconf 87' lang='lat' dir='ltr'><strong>etiam,</strong></span> <span class='ocrx_word' id='word_1_112' title='bbox 923 2191 999 2243; x_wconf 86' lang='lat' dir='ltr'><strong>Catil.</strong></span> <span class='ocrx_word' id='word_1_113' title='bbox 1012 2191 1059 2256; x_wconf 78' lang='lat'><strong>25,</strong></span> <span class='ocrx_word' id='word_1_114' title='bbox 1071 2190 1158 2262; x_wconf 78' lang='lat' dir='ltr'><strong>legen·</strong></span> 
     </span>
    </p>
   </div>
   <div class='ocr_carea' id='block_1_7' title="bbox 106 2268 1238 4326">
    <p class='ocr_par' dir='ltr' id='par_1_8' title="bbox 106 2268 1217 2579">
     <span class='ocr_line' id='line_1_16' title="bbox 106 2268 1159 2343; baseline -0.003 -20"><span class='ocrx_word' id='word_1_115' title='bbox 106 2285 171 2323; x_wconf 83' lang='lat' dir='ltr'><strong>ante</strong></span> <span class='ocrx_word' id='word_1_116' title='bbox 182 2273 335 2323; x_wconf 86' lang='lat' dir='ltr'><strong>memoriam</strong></span> <span class='ocrx_word' id='word_1_117' title='bbox 346 2275 474 2343; x_wconf 85' lang='lat' dir='ltr'><strong>positum,</strong></span> <span class='ocrx_word' id='word_1_118' title='bbox 485 2290 567 2341; x_wconf 87' lang='lat' dir='ltr'><strong>quum</strong></span> <span class='ocrx_word' id='word_1_119' title='bbox 578 2268 612 2322; x_wconf 88' lang='lat' dir='ltr'><strong>de</strong></span> <span class='ocrx_word' id='word_1_120' title='bbox 656 2269 720 2322; x_wconf 92' lang='lat' dir='ltr'><strong>dum</strong></span> <span class='ocrx_word' id='word_1_121' title='bbox 732 2271 878 2322; x_wconf 83' lang='lat' dir='ltr'><strong>existimem</strong></span> <span class='ocrx_word' id='word_1_122' title='bbox 886 2307 898 2336; x_wconf 86' lang='lat'><strong>‚.</strong></span> <span class='ocrx_word' id='word_1_123' title='bbox 906 2269 1019 2341; x_wconf 82' lang='lat' dir='ltr'><strong>psallere</strong></span> <span class='ocrx_word' id='word_1_124' title='bbox 1029 2281 1054 2321; x_wconf 89' lang='lat' dir='ltr'><strong>et</strong></span> <span class='ocrx_word' id='word_1_125' title='bbox 1068 2279 1159 2320; x_wconf 69' lang='lat' dir='ltr'><strong>canu·</strong></span> 
     </span>
     <span class='ocr_line' id='line_1_17' title="bbox 108 2345 1158 2420; baseline -0.004 -18"><span class='ocrx_word' id='word_1_126' title='bbox 108 2352 192 2402; x_wconf 85' lang='lat' dir='ltr'><strong>animi</strong></span> <span class='ocrx_word' id='word_1_127' title='bbox 201 2349 308 2402; x_wconf 83' lang='lat' dir='ltr'><strong>dotibus</strong></span> <span class='ocrx_word' id='word_1_128' title='bbox 318 2350 380 2402; x_wconf 83' lang='lat' dir='ltr'><strong>inde</strong></span> <span class='ocrx_word' id='word_1_129' title='bbox 390 2350 479 2402; x_wconf 86' lang='lat' dir='ltr'><strong>dicere</strong></span> <span class='ocrx_word' id='word_1_130' title='bbox 488 2351 612 2420; x_wconf 86' lang='lat' dir='ltr'><strong>incipiat,</strong></span> <span class='ocrx_word' id='word_1_131' title='bbox 656 2366 699 2413; x_wconf 78' lang='lat' dir='ltr'><strong>rs,</strong></span> <span class='ocrx_word' id='word_1_132' title='bbox 716 2347 810 2398; x_wconf 81' lang='lat' dir='ltr'><strong>saltare</strong></span> <span class='ocrx_word' id='word_1_133' title='bbox 828 2345 862 2398; x_wconf 92' lang='lat' dir='ltr'><strong>el.</strong></span> <span class='ocrx_word' id='word_1_134' title='bbox 879 2361 930 2398; x_wconf 90' lang='lat' dir='ltr'><strong>etc.</strong></span> <span class='ocrx_word' id='word_1_135' title='bbox 948 2345 996 2396; x_wconf 92' lang='lat' dir='ltr'><strong>ubi</strong></span> <span class='ocrx_word' id='word_1_136' title='bbox 1009 2357 1114 2398; x_wconf 78' lang='lat' dir='ltr'><strong>caratare</strong></span> <span class='ocrx_word' id='word_1_137' title='bbox 1131 2348 1158 2398; x_wconf 93' lang='lat' dir='ltr'><strong>in</strong></span> 
     </span>
     <span class='ocr_line' id='line_1_18' title="bbox 107 2424 1159 2500; baseline -0.003 -20"><span class='ocrx_word' id='word_1_138' title='bbox 107 2442 253 2500; x_wconf 86' lang='lat' dir='ltr'><strong>postquam</strong></span> <span class='ocrx_word' id='word_1_139' title='bbox 266 2429 298 2482; x_wconf 86' lang='lat' dir='ltr'><strong>de</strong></span> <span class='ocrx_word' id='word_1_140' title='bbox 313 2447 424 2499; x_wconf 88' lang='lat' dir='ltr'><strong>corpore</strong></span> <span class='ocrx_word' id='word_1_141' title='bbox 436 2430 558 2500; x_wconf 84' lang='lat' dir='ltr'><strong>exposuit</strong></span> <span class='ocrx_word' id='word_1_142' title='bbox 569 2446 612 2479; x_wconf 91' lang='lat' dir='ltr'><strong>us·</strong></span> <span class='ocrx_word' id='word_1_143' title='bbox 656 2424 1159 2498; x_wconf 57' lang='lat' dir='ltr'><strong>nonnullislibriscomparetproglos·</strong></span> 
     </span>
     <span class='ocr_line' id='line_1_19' title="bbox 109 2499 1217 2579; baseline -0.003 -20"><span class='ocrx_word' id='word_1_144' title='bbox 109 2507 381 2579; x_wconf 84' lang='lat' dir='ltr'><strong>qaeadprojectiore.</strong></span> <span class='ocrx_word' id='word_1_145' title='bbox 657 2499 813 2576; x_wconf 82' lang='lat' dir='ltr'><strong>saejecttim</strong></span> <span class='ocrx_word' id='word_1_146' title='bbox 828 2507 907 2558; x_wconf 85' lang='lat' dir='ltr'><strong>etiam</strong></span> <span class='ocrx_word' id='word_1_147' title='bbox 925 2507 1062 2573; x_wconf 76' lang='lat' dir='ltr'><strong>acontio,</strong></span> <span class='ocrx_word' id='word_1_148' title='bbox 1080 2525 1159 2577; x_wconf 87' lang='lat' dir='ltr'><strong>quem</strong></span> <span class='ocrx_word' id='word_1_149' title='bbox 1213 2539 1217 2552; x_wconf 74' lang='lat'><strong>.</strong></span> 
     </span>
    </p>

    <p class='ocr_par' dir='ltr' id='par_1_9' title="bbox 110 2585 1159 2740">
     <span class='ocr_line' id='line_1_20' title="bbox 147 2585 958 2648; baseline 0 -9"><span class='ocrx_word' id='word_1_150' title='bbox 147 2605 171 2640; x_wconf 81' lang='lat' dir='ltr'><strong>u.</strong></span> <span class='ocrx_word' id='word_1_151' title='bbox 184 2587 325 2648; x_wconf 53' lang='lat' dir='ltr'><strong>Docilia„</strong></span> <span class='ocrx_word' id='word_1_152' title='bbox 338 2587 461 2640; x_wconf 80' lang='lat' dir='ltr'><strong>celeritas</strong></span> <span class='ocrx_word' id='word_1_153' title='bbox 470 2588 498 2638; x_wconf 89' lang='lat' dir='ltr'><strong>in</strong></span> <span class='ocrx_word' id='word_1_154' title='bbox 509 2585 612 2640; x_wconf 86' lang='lat' dir='ltr'><strong>discen·</strong></span> <span class='ocrx_word' id='word_1_155' title='bbox 658 2587 691 2638; x_wconf 86' lang='lat' dir='ltr'><strong>ad</strong></span> <span class='ocrx_word' id='word_1_156' title='bbox 703 2587 776 2639; x_wconf 89' lang='lat' dir='ltr'><strong>illum</strong></span> <span class='ocrx_word' id='word_1_157' title='bbox 787 2587 878 2639; x_wconf 88' lang='lat' dir='ltr'><strong>locum</strong></span> <span class='ocrx_word' id='word_1_158' title='bbox 890 2587 958 2640; x_wconf 85' lang='lat' dir='ltr'><strong>vide.</strong></span> 
     </span>
     <span class='ocr_line' id='line_1_21' title="bbox 110 2665 1159 2740; baseline 0.004 -24"><span class='ocrx_word' id='word_1_159' title='bbox 110 2665 162 2726; x_wconf 84' lang='lat' dir='ltr'><strong>do;</strong></span> <span class='ocrx_word' id='word_1_160' title='bbox 175 2665 243 2718; x_wconf 86' lang='lat' dir='ltr'><strong>Gall.</strong></span> <span class='ocrx_word' id='word_1_161' title='bbox 250 2666 365 2737; x_wconf 71' lang='lat' dir='ltr'><strong>facilite.</strong></span> <span class='ocrx_word' id='word_1_162' title='bbox 694 2686 718 2738; x_wconf 91' lang='lat'><strong>7.</strong></span> <span class='ocrx_word' id='word_1_163' title='bbox 737 2668 906 2740; x_wconf 75' lang='lat' dir='ltr'><strong>Imitariqae,</strong></span> <span class='ocrx_word' id='word_1_164' title='bbox 922 2682 973 2720; x_wconf 88' lang='lat' dir='ltr'><strong>etc.</strong></span> <span class='ocrx_word' id='word_1_165' title='bbox 985 2669 1040 2736; x_wconf 91' lang='lat' dir='ltr'><strong>Qui</strong></span> <span class='ocrx_word' id='word_1_166' title='bbox 1053 2687 1108 2721; x_wconf 91' lang='lat' dir='ltr'><strong>non</strong></span> <span class='ocrx_word' id='word_1_167' title='bbox 1120 2670 1159 2720; x_wconf 81' lang='lat' dir='ltr'><strong>ri·</strong></span> 
     </span>
    </p>

    <p class='ocr_par' dir='ltr' id='par_1_10' title="bbox 112 2742 1162 2976">
     <span class='ocr_line' id='line_1_22' title="bbox 146 2742 1161 2820; baseline 0.003 -23"><span class='ocrx_word' id='word_1_168' title='bbox 146 2745 173 2797; x_wconf 88' lang='lat'><strong>3.</strong></span> <span class='ocrx_word' id='word_1_169' title='bbox 192 2745 333 2796; x_wconf 79' lang='lat' dir='ltr'><strong>Annorum</strong></span> <span class='ocrx_word' id='word_1_170' title='bbox 350 2755 376 2796; x_wconf 87' lang='lat' dir='ltr'><strong>et</strong></span> <span class='ocrx_word' id='word_1_171' title='bbox 389 2742 525 2817; x_wconf 79' lang='lat' dir='ltr'><strong>equitandi</strong></span> <span class='ocrx_word' id='word_1_172' title='bbox 541 2744 614 2815; x_wconf 84' lang='lat' dir='ltr'><strong>peri·</strong></span> <span class='ocrx_word' id='word_1_173' title='bbox 658 2745 768 2811; x_wconf 85' lang='lat' dir='ltr'><strong>derunt,</strong></span> <span class='ocrx_word' id='word_1_174' title='bbox 779 2746 928 2819; x_wconf 76' lang='lat' dir='ltr'><strong>imitarique</strong></span> <span class='ocrx_word' id='word_1_175' title='bbox 937 2762 963 2798; x_wconf 86' lang='lat' dir='ltr'><strong>et</strong></span> <span class='ocrx_word' id='word_1_176' title='bbox 970 2745 1088 2820; x_wconf 75' lang='lat' dir='ltr'><strong>profiteri</strong></span> <span class='ocrx_word' id='word_1_177' title='bbox 1097 2766 1161 2818; x_wconf 89' lang='lat' dir='ltr'><strong>pen·</strong></span> 
     </span>
     <span class='ocr_line' id='line_1_23' title="bbox 112 2821 1162 2894; baseline -0.002 -16"><span class='ocrx_word' id='word_1_178' title='bbox 112 2824 241 2886; x_wconf 68' lang='lat' dir='ltr'><strong>tissimus.,·</strong></span> <span class='ocrx_word' id='word_1_179' title='bbox 260 2837 289 2877; x_wconf 91' lang='lat' dir='ltr'><strong>ut</strong></span> <span class='ocrx_word' id='word_1_180' title='bbox 307 2824 401 2877; x_wconf 74' lang='lat' dir='ltr'><strong>Cesar.</strong></span> <span class='ocrx_word' id='word_1_181' title='bbox 420 2823 499 2876; x_wconf 81' lang='lat' dir='ltr'><strong>Geni.</strong></span> <span class='ocrx_word' id='word_1_182' title='bbox 520 2821 613 2876; x_wconf 72' lang='lat' dir='ltr'><strong>Cesar.</strong></span> <span class='ocrx_word' id='word_1_183' title='bbox 659 2825 721 2878; x_wconf 87' lang='lat' dir='ltr'><strong>dero</strong></span> <span class='ocrx_word' id='word_1_184' title='bbox 743 2825 829 2877; x_wconf 89' lang='lat' dir='ltr'><strong>adhuc</strong></span> <span class='ocrx_word' id='word_1_185' title='bbox 850 2845 866 2878; x_wconf 86' lang='lat' dir='ltr'><strong>a</strong></span> <span class='ocrx_word' id='word_1_186' title='bbox 886 2826 1010 2894; x_wconf 84' lang='lat' dir='ltr'><strong>solitam,</strong></span> <span class='ocrx_word' id='word_1_187' title='bbox 1031 2825 1162 2878; x_wconf 87' lang='lat' dir='ltr'><strong>dederunt</strong></span> 
     </span>
     <span class='ocr_line' id='line_1_24' title="bbox 112 2904 920 2976; baseline 0.001 -20"><span class='ocrx_word' id='word_1_188' title='bbox 112 2923 173 2976; x_wconf 84' lang='lat' dir='ltr'><strong>cap.</strong></span> <span class='ocrx_word' id='word_1_189' title='bbox 190 2905 234 2973; x_wconf 87' lang='lat'><strong>57.</strong></span> <span class='ocrx_word' id='word_1_190' title='bbox 305 2919 306 2922; x_wconf 77' lang='grc'>’</span> <span class='ocrx_word' id='word_1_191' title='bbox 660 2915 800 2956; x_wconf 82' lang='lat' dir='ltr'><strong>certantem</strong></span> <span class='ocrx_word' id='word_1_192' title='bbox 814 2904 920 2957; x_wconf 79' lang='lat' dir='ltr'><strong>imitari.</strong></span> 
     </span>
    </p>

    <p class='ocr_par' dir='ltr' id='par_1_11' title="bbox 112 2983 1238 3772">
     <span class='ocr_line' id='line_1_25' title="bbox 148 2983 1163 3055; baseline 0.002 -21"><span class='ocrx_word' id='word_1_193' title='bbox 148 2985 174 3050; x_wconf 70' lang='lat'><strong>4.</strong></span> <span class='ocrx_word' id='word_1_194' title='bbox 194 2983 287 3034; x_wconf 81' lang='lat' dir='ltr'><strong>Latiae</strong></span> <span class='ocrx_word' id='word_1_195' title='bbox 298 2983 474 3055; x_wconf 73' lang='lat' dir='ltr'><strong>Graeceque...</strong></span> <span class='ocrx_word' id='word_1_196' title='bbox 485 2992 616 3051; x_wconf 83' lang='lat' dir='ltr'><strong>promtus,</strong></span> <span class='ocrx_word' id='word_1_197' title='bbox 696 2986 737 3035; x_wconf 82' lang='lat' dir='ltr'><strong>tv,</strong></span> <span class='ocrx_word' id='word_1_198' title='bbox 754 3000 776 3033; x_wconf 87' lang='grc' dir='ltr'><strong>ι.</strong></span> <span class='ocrx_word' id='word_1_199' title='bbox 795 2984 831 3034; x_wconf 80' lang='lat' dir='ltr'><strong>Et</strong></span> <span class='ocrx_word' id='word_1_200' title='bbox 847 2984 875 3034; x_wconf 86' lang='lat' dir='ltr'><strong>ia</strong></span> <span class='ocrx_word' id='word_1_201' title='bbox 891 2984 1041 3035; x_wconf 78' lang='lat' dir='ltr'><strong>Gemania.</strong></span> <span class='ocrx_word' id='word_1_202' title='bbox 1059 2985 1163 3036; x_wconf 86' lang='lat' dir='ltr'><strong>Mucia·</strong></span> 
     </span>
     <span class='ocr_line' id='line_1_26' title="bbox 113 3061 1162 3133; baseline -0.001 -19"><span class='ocrx_word' id='word_1_203' title='bbox 113 3076 163 3114; x_wconf 85' lang='lat' dir='ltr'><strong>ete.</strong></span> <span class='ocrx_word' id='word_1_204' title='bbox 179 3064 248 3114; x_wconf 79' lang='lat' dir='ltr'><strong>itae</strong></span> <span class='ocrx_word' id='word_1_205' title='bbox 263 3062 371 3113; x_wconf 82' lang='lat' dir='ltr'><strong>Memor.</strong></span> <span class='ocrx_word' id='word_1_206' title='bbox 386 3061 497 3132; x_wconf 85' lang='lat' dir='ltr'><strong>aliisque</strong></span> <span class='ocrx_word' id='word_1_207' title='bbox 516 3062 615 3112; x_wconf 82' lang='lat' dir='ltr'><strong>Ernest.</strong></span> <span class='ocrx_word' id='word_1_208' title='bbox 661 3081 711 3115; x_wconf 91' lang='lat' dir='ltr'><strong>nus</strong></span> <span class='ocrx_word' id='word_1_209' title='bbox 730 3065 756 3112; x_wconf 92' lang='lat' dir='ltr'><strong>in</strong></span> <span class='ocrx_word' id='word_1_210' title='bbox 778 3064 896 3113; x_wconf 86' lang='lat' dir='ltr'><strong>oratione</strong></span> <span class='ocrx_word' id='word_1_211' title='bbox 916 3061 949 3113; x_wconf 90' lang='lat' dir='ltr'><strong>ad</strong></span> <span class='ocrx_word' id='word_1_212' title='bbox 970 3063 1162 3133; x_wconf 83' lang='lat' dir='ltr'><strong>Vespasianum</strong></span> 
     </span>
     <span class='ocr_line' id='line_1_27' title="bbox 115 3138 1162 3214; baseline 0.001 -21"><span class='ocrx_word' id='word_1_213' title='bbox 115 3155 141 3194; x_wconf 91' lang='lat' dir='ltr'><strong>et</strong></span> <span class='ocrx_word' id='word_1_214' title='bbox 154 3140 278 3194; x_wconf 89' lang='lat' dir='ltr'><strong>Oudend.</strong></span> <span class='ocrx_word' id='word_1_215' title='bbox 293 3141 442 3193; x_wconf 87' lang='lat' dir='ltr'><strong>ediderunt.</strong></span> <span class='ocrx_word' id='word_1_216' title='bbox 454 3138 533 3209; x_wconf 76' lang='lat' dir='ltr'><strong>Vulg.</strong></span> <span class='ocrx_word' id='word_1_217' title='bbox 548 3139 618 3190; x_wconf 84' lang='lat' dir='ltr'><strong>Lati·</strong></span> <span class='ocrx_word' id='word_1_218' title='bbox 662 3141 733 3214; x_wconf 88' lang='lat' dir='ltr'><strong>apud</strong></span> <span class='ocrx_word' id='word_1_219' title='bbox 741 3143 826 3193; x_wconf 83' lang='lat' dir='ltr'><strong>Tacit.</strong></span> <span class='ocrx_word' id='word_1_220' title='bbox 838 3143 904 3193; x_wconf 86' lang='lat' dir='ltr'><strong>ilist.</strong></span> <span class='ocrx_word' id='word_1_221' title='bbox 917 3144 953 3206; x_wconf 88' lang='lat'><strong>11,</strong></span> <span class='ocrx_word' id='word_1_222' title='bbox 966 3159 1009 3210; x_wconf 80' lang='lat'><strong>77,</strong></span> <span class='ocrx_word' id='word_1_223' title='bbox 1023 3144 1104 3194; x_wconf 75' lang='lat' dir='ltr'><strong>-Tuae</strong></span> <span class='ocrx_word' id='word_1_224' title='bbox 1113 3140 1162 3194; x_wconf 94' lang='lat' dir='ltr'><strong>do·</strong></span> 
     </span>
     <span class='ocr_line' id='line_1_28' title="bbox 116 3219 1163 3294; baseline -0.001 -20"><span class='ocrx_word' id='word_1_225' title='bbox 116 3240 156 3274; x_wconf 71' lang='grc' dir='ltr'><strong>πω</strong></span> <span class='ocrx_word' id='word_1_226' title='bbox 165 3224 311 3294; x_wconf 83' lang='lat' dir='ltr'><strong>Groecoeque</strong></span> <span class='ocrx_word' id='word_1_227' title='bbox 319 3220 429 3294; x_wconf 72' lang='lat' dir='ltr'><strong>linqua,</strong></span> <span class='ocrx_word' id='word_1_228' title='bbox 438 3240 489 3291; x_wconf 89' lang='lat' dir='ltr'><strong>pro</strong></span> <span class='ocrx_word' id='word_1_229' title='bbox 498 3238 551 3292; x_wconf 88' lang='lat' dir='ltr'><strong>quo</strong></span> <span class='ocrx_word' id='word_1_230' title='bbox 559 3223 620 3272; x_wconf 80' lang='lat' dir='ltr'><strong>Bur·</strong></span> <span class='ocrx_word' id='word_1_231' title='bbox 663 3224 716 3274; x_wconf 91' lang='lat' dir='ltr'><strong>mui</strong></span> <span class='ocrx_word' id='word_1_232' title='bbox 730 3219 888 3292; x_wconf 88' lang='lat' dir='ltr'><strong>triumphale</strong></span> <span class='ocrx_word' id='word_1_233' title='bbox 901 3239 1011 3285; x_wconf 85' lang='lat' dir='ltr'><strong>nornen,</strong></span> <span class='ocrx_word' id='word_1_234' title='bbox 1024 3219 1078 3272; x_wconf 92' lang='lat' dir='ltr'><strong>dno</strong></span> <span class='ocrx_word' id='word_1_235' title='bbox 1086 3224 1163 3290; x_wconf 82' lang='lat' dir='ltr'><strong>juve-</strong></span> 
     </span>
     <span class='ocr_line' id='line_1_29' title="bbox 116 3297 1164 3372; baseline 0.003 -20"><span class='ocrx_word' id='word_1_236' title='bbox 116 3297 619 3370; x_wconf 83' lang='lat' dir='ltr'><strong>mann.recepitLipsiiemendationem</strong></span> <span class='ocrx_word' id='word_1_237' title='bbox 663 3322 727 3369; x_wconf 77' lang='lat' dir='ltr'><strong>nes,</strong></span> <span class='ocrx_word' id='word_1_238' title='bbox 747 3320 830 3372; x_wconf 83' lang='lat' dir='ltr'><strong>capax</strong></span> <span class='ocrx_word' id='word_1_239' title='bbox 847 3304 902 3372; x_wconf 85' lang='lat' dir='ltr'><strong>jam</strong></span> <span class='ocrx_word' id='word_1_240' title='bbox 921 3302 1023 3372; x_wconf 84' lang='lat' dir='ltr'><strong>imperii</strong></span> <span class='ocrx_word' id='word_1_241' title='bbox 1042 3302 1120 3366; x_wconf 73' lang='lat' dir='ltr'><strong>alter,</strong></span> <span class='ocrx_word' id='word_1_242' title='bbox 1137 3317 1164 3356; x_wconf 86' lang='lat' dir='ltr'><strong>et</strong></span> 
     </span>
     <span class='ocr_line' id='line_1_30' title="bbox 116 3377 1164 3454; baseline 0.004 -23"><span class='ocrx_word' id='word_1_243' title='bbox 116 3381 211 3432; x_wconf 85' lang='lat' dir='ltr'><strong>Latina</strong></span> <span class='ocrx_word' id='word_1_244' title='bbox 223 3382 364 3453; x_wconf 71' lang='lat' dir='ltr'><strong>Graecaque</strong></span> <span class='ocrx_word' id='word_1_245' title='bbox 376 3377 477 3450; x_wconf 72' lang='lat' dir='ltr'><strong>linqua.</strong></span> <span class='ocrx_word' id='word_1_246' title='bbox 487 3377 553 3429; x_wconf 81' lang='lat' dir='ltr'><strong>Vide</strong></span> <span class='ocrx_word' id='word_1_247' title='bbox 564 3379 620 3429; x_wconf 94' lang='lat' dir='ltr'><strong>Ou·</strong></span> <span class='ocrx_word' id='word_1_248' title='bbox 664 3382 756 3454; x_wconf 88' lang='lat' dir='ltr'><strong>primis</strong></span> <span class='ocrx_word' id='word_1_249' title='bbox 767 3379 864 3434; x_wconf 73' lang='lat' dir='ltr'><strong>militia</strong></span> <span class='ocrx_word' id='word_1_250' title='bbox 879 3382 955 3432; x_wconf 84' lang='lat' dir='ltr'><strong>annis</strong></span> <span class='ocrx_word' id='word_1_251' title='bbox 970 3380 1041 3452; x_wconf 87' lang='lat' dir='ltr'><strong>apud</strong></span> <span class='ocrx_word' id='word_1_252' title='bbox 1053 3383 1164 3435; x_wconf 86' lang='lat' dir='ltr'><strong>Germa·</strong></span> 
     </span>
     <span class='ocr_line' id='line_1_31' title="bbox 112 3455 1130 3532; baseline 0.001 -24"><span class='ocrx_word' id='word_1_253' title='bbox 112 3457 195 3522; x_wconf 19' lang='lat' dir='ltr'><strong>Vdend.</strong></span> <span class='ocrx_word' id='word_1_254' title='bbox 211 3476 271 3510; x_wconf 89' lang='lat' dir='ltr'><strong>cum</strong></span> <span class='ocrx_word' id='word_1_255' title='bbox 285 3475 340 3528; x_wconf 86' lang='lat' dir='ltr'><strong>qao</strong></span> <span class='ocrx_word' id='word_1_256' title='bbox 355 3456 477 3508; x_wconf 83' lang='lat' dir='ltr'><strong>adverbia</strong></span> <span class='ocrx_word' id='word_1_257' title='bbox 493 3455 526 3508; x_wconf 89' lang='lat' dir='ltr'><strong>ad</strong></span> <span class='ocrx_word' id='word_1_258' title='bbox 538 3455 579 3508; x_wconf 88' lang='lat' dir='ltr'><strong>vel</strong></span> <span class='ocrx_word' id='word_1_259' title='bbox 591 3457 619 3507; x_wconf 85' lang='lat' dir='ltr'><strong>in</strong></span> <span class='ocrx_word' id='word_1_260' title='bbox 664 3464 739 3514; x_wconf 73' lang='lat' dir='ltr'><strong>nicos</strong></span> <span class='ocrx_word' id='word_1_261' title='bbox 751 3480 859 3532; x_wconf 77' lang='lat' dir='ltr'><strong>quoque</strong></span> <span class='ocrx_word' id='word_1_262' title='bbox 870 3463 1000 3514; x_wconf 71' lang='lat' dir='ltr'><strong>exercitus</strong></span> <span class='ocrx_word' id='word_1_263' title='bbox 1013 3461 1130 3515; x_wconf 74' lang='lat' dir='ltr'><strong>clarus.»</strong></span> 
     </span>
     <span class='ocr_line' id='line_1_32' title="bbox 118 3534 1238 3608; baseline 0.004 -18"><span class='ocrx_word' id='word_1_264' title='bbox 118 3536 230 3602; x_wconf 84' lang='lat' dir='ltr'><strong>orando,</strong></span> <span class='ocrx_word' id='word_1_265' title='bbox 246 3548 296 3587; x_wconf 91' lang='lat' dir='ltr'><strong>etc.</strong></span> <span class='ocrx_word' id='word_1_266' title='bbox 312 3534 449 3588; x_wconf 85' lang='lat' dir='ltr'><strong>referenda</strong></span> <span class='ocrx_word' id='word_1_267' title='bbox 468 3536 558 3606; x_wconf 88' lang='lat' dir='ltr'><strong>potius</strong></span> <span class='ocrx_word' id='word_1_268' title='bbox 574 3553 621 3605; x_wconf 88' lang='lat' dir='ltr'><strong>pu·</strong></span> <span class='ocrx_word' id='word_1_269' title='bbox 701 3561 725 3594; x_wconf 81' lang='lat' dir='ltr'><strong>n.</strong></span> <span class='ocrx_word' id='word_1_270' title='bbox 744 3541 1069 3608; x_wconf 80' lang='lat' dir='ltr'><strong>Summaindastrioe,nec</strong></span> <span class='ocrx_word' id='word_1_271' title='bbox 1080 3545 1165 3594; x_wconf 87' lang='lat' dir='ltr'><strong>mino·</strong></span> <span class='ocrx_word' id='word_1_272' title='bbox 1208 3539 1238 3601; x_wconf 54' lang='lat' dir='ltr'><strong><em>J</em></strong></span> 
     </span>
     <span class='ocr_line' id='line_1_33' title="bbox 118 3614 1165 3692; baseline 0.004 -24"><span class='ocrx_word' id='word_1_273' title='bbox 118 3629 159 3682; x_wconf 88' lang='lat' dir='ltr'><strong>to,</strong></span> <span class='ocrx_word' id='word_1_274' title='bbox 172 3634 253 3686; x_wconf 83' lang='lat' dir='ltr'><strong>quam</strong></span> <span class='ocrx_word' id='word_1_275' title='bbox 270 3614 303 3666; x_wconf 88' lang='lat' dir='ltr'><strong>ad</strong></span> <span class='ocrx_word' id='word_1_276' title='bbox 313 3625 437 3686; x_wconf 80' lang='lat' dir='ltr'><strong>promtus.</strong></span> <span class='ocrx_word' id='word_1_277' title='bbox 450 3616 619 3668; x_wconf 79' lang='lat' dir='ltr'><strong>constructio</strong></span> <span class='ocrx_word' id='word_1_278' title='bbox 666 3640 692 3672; x_wconf 90' lang='lat' dir='ltr'><strong>re</strong></span> <span class='ocrx_word' id='word_1_279' title='bbox 700 3621 828 3672; x_wconf 68' lang='lat' dir='ltr'><strong>»acdestiae</strong></span> <span class='ocrx_word' id='word_1_280' title='bbox 829 3619 918 3692; x_wconf 78' lang='lat' dir='ltr'><strong>fama.</strong></span> <span class='ocrx_word' id='word_1_281' title='bbox 927 3621 963 3672; x_wconf 87' lang='lat' dir='ltr'><strong>lta</strong></span> <span class='ocrx_word' id='word_1_282' title='bbox 974 3618 1095 3673; x_wconf 84' lang='lat' dir='ltr'><strong>dedimus</strong></span> <span class='ocrx_word' id='word_1_283' title='bbox 1105 3641 1165 3672; x_wconf 88' lang='lat' dir='ltr'><strong>cum</strong></span> 
     </span>
     <span class='ocr_line' id='line_1_34' title="bbox 119 3695 1165 3772; baseline 0.007 -25"><span class='ocrx_word' id='word_1_284' title='bbox 119 3699 188 3748; x_wconf 81' lang='lat' dir='ltr'><strong>enim</strong></span> <span class='ocrx_word' id='word_1_285' title='bbox 201 3695 343 3747; x_wconf 86' lang='lat' dir='ltr'><strong>verborum</strong></span> <span class='ocrx_word' id='word_1_286' title='bbox 355 3695 619 3766; x_wconf 80' lang='lat' dir='ltr'><strong>prorsasestGraeca.</strong></span> <span class='ocrx_word' id='word_1_287' title='bbox 664 3700 768 3751; x_wconf 81' lang='lat' dir='ltr'><strong>Ernest.</strong></span> <span class='ocrx_word' id='word_1_288' title='bbox 788 3713 815 3750; x_wconf 84' lang='lat' dir='ltr'><strong>et</strong></span> <span class='ocrx_word' id='word_1_289' title='bbox 833 3698 1009 3770; x_wconf 86' lang='lat' dir='ltr'><strong>Oudendorp.</strong></span> <span class='ocrx_word' id='word_1_290' title='bbox 1029 3720 1077 3771; x_wconf 89' lang='lat' dir='ltr'><strong>pro</strong></span> <span class='ocrx_word' id='word_1_291' title='bbox 1094 3701 1165 3772; x_wconf 74' lang='lat' dir='ltr'><strong>vulg.</strong></span> 
     </span>
    </p>

    <p class='ocr_par' dir='ltr' id='par_1_12' title="bbox 120 3775 1165 4169">
     <span class='ocr_line' id='line_1_35' title="bbox 153 3775 1165 3848; baseline 0.001 -18"><span class='ocrx_word' id='word_1_292' title='bbox 153 3776 178 3830; x_wconf 80' lang='lat'><strong>5.</strong></span> <span class='ocrx_word' id='word_1_293' title='bbox 199 3775 242 3828; x_wconf 85' lang='lat' dir='ltr'><strong>Ad</strong></span> <span class='ocrx_word' id='word_1_294' title='bbox 262 3775 511 3848; x_wconf 81' lang='lat' dir='ltr'><strong>extemporalitatem</strong></span> <span class='ocrx_word' id='word_1_295' title='bbox 532 3793 619 3848; x_wconf 80' lang='lat' dir='ltr'><strong>usque.</strong></span> <span class='ocrx_word' id='word_1_296' title='bbox 668 3797 791 3831; x_wconf 75' lang='lat' dir='ltr'><strong>asumma</strong></span> <span class='ocrx_word' id='word_1_297' title='bbox 799 3779 934 3844; x_wconf 77' lang='lat' dir='ltr'><strong>industria,</strong></span> <span class='ocrx_word' id='word_1_298' title='bbox 942 3798 991 3832; x_wconf 87' lang='lat' dir='ltr'><strong>nec</strong></span> <span class='ocrx_word' id='word_1_299' title='bbox 999 3781 1100 3832; x_wconf 90' lang='lat' dir='ltr'><strong>minore</strong></span> <span class='ocrx_word' id='word_1_300' title='bbox 1110 3799 1165 3831; x_wconf 88' lang='lat' dir='ltr'><strong>mo·</strong></span> 
     </span>
     <span class='ocr_line' id='line_1_36' title="bbox 120 3853 1165 3933; baseline 0.005 -25"><span class='ocrx_word' id='word_1_301' title='bbox 120 3853 311 3928; x_wconf 80' lang='lat' dir='ltr'><strong>Extemporalis</strong></span> <span class='ocrx_word' id='word_1_302' title='bbox 322 3853 440 3926; x_wconf 81' lang='lat' dir='ltr'><strong>facultas</strong></span> <span class='ocrx_word' id='word_1_303' title='bbox 458 3854 555 3906; x_wconf 88' lang='lat' dir='ltr'><strong>dicitur</strong></span> <span class='ocrx_word' id='word_1_304' title='bbox 568 3855 621 3905; x_wconf 83' lang='lat' dir='ltr'><strong>Au·</strong></span> <span class='ocrx_word' id='word_1_305' title='bbox 665 3859 745 3912; x_wconf 82' lang='lat' dir='ltr'><strong>destia</strong></span> <span class='ocrx_word' id='word_1_306' title='bbox 763 3869 789 3912; x_wconf 86' lang='lat' dir='ltr'><strong>et</strong></span> <span class='ocrx_word' id='word_1_307' title='bbox 803 3860 886 3928; x_wconf 82' lang='lat' dir='ltr'><strong>fama,</strong></span> <span class='ocrx_word' id='word_1_308' title='bbox 898 3884 909 3906; x_wconf 73' lang='grc' dir='ltr'><strong>υ</strong></span> <span class='ocrx_word' id='word_1_309' title='bbox 926 3880 1007 3933; x_wconf 90' lang='lat' dir='ltr'><strong>quum</strong></span> <span class='ocrx_word' id='word_1_310' title='bbox 1022 3863 1165 3932; x_wconf 74' lang='lat' dir='ltr'><strong>genitivum</strong></span> 
     </span>
     <span class='ocr_line' id='line_1_37' title="bbox 120 3932 1165 4009; baseline 0 -19"><span class='ocrx_word' id='word_1_311' title='bbox 120 3948 188 4006; x_wconf 74' lang='lat' dir='ltr'><strong>gast.</strong></span> <span class='ocrx_word' id='word_1_312' title='bbox 208 3935 252 4002; x_wconf 69' lang='lat'><strong>84.</strong></span> <span class='ocrx_word' id='word_1_313' title='bbox 270 3935 389 3987; x_wconf 87' lang='lat' dir='ltr'><strong>Omisere</strong></span> <span class='ocrx_word' id='word_1_314' title='bbox 407 3932 463 3986; x_wconf 85' lang='lat' dir='ltr'><strong>luec</strong></span> <span class='ocrx_word' id='word_1_315' title='bbox 477 3933 574 3999; x_wconf 83' lang='lat' dir='ltr'><strong>verba,</strong></span> <span class='ocrx_word' id='word_1_316' title='bbox 591 3944 622 3986; x_wconf 84' lang='lat' dir='ltr'><strong>ut</strong></span> <span class='ocrx_word' id='word_1_317' title='bbox 665 3937 899 4009; x_wconf 65' lang='lat' dir='ltr'><strong>indrustrioeplures</strong></span> <span class='ocrx_word' id='word_1_318' title='bbox 911 3937 995 3990; x_wconf 88' lang='lat' dir='ltr'><strong>Codd.</strong></span> <span class='ocrx_word' id='word_1_319' title='bbox 1009 3939 1165 4006; x_wconf 79' lang='lat' dir='ltr'><strong>exhibeant,</strong></span> 
     </span>
     <span class='ocr_line' id='line_1_38' title="bbox 121 4014 1164 4090; baseline 0.002 -22"><span class='ocrx_word' id='word_1_320' title='bbox 121 4015 244 4070; x_wconf 89' lang='lat' dir='ltr'><strong>Oudend.</strong></span> <span class='ocrx_word' id='word_1_321' title='bbox 257 4034 319 4068; x_wconf 85' lang='lat' dir='ltr'><strong>vere</strong></span> <span class='ocrx_word' id='word_1_322' title='bbox 336 4028 440 4080; x_wconf 83' lang='lat' dir='ltr'><strong>mouet,</strong></span> <span class='ocrx_word' id='word_1_323' title='bbox 454 4034 521 4085; x_wconf 88' lang='lat' dir='ltr'><strong>quos</strong></span> <span class='ocrx_word' id='word_1_324' title='bbox 538 4014 623 4066; x_wconf 81' lang='lat' dir='ltr'><strong>offen·</strong></span> <span class='ocrx_word' id='word_1_325' title='bbox 666 4017 1164 4090; x_wconf 77' lang='lat' dir='ltr'><strong>atqueindejurecolligatur‚librario·</strong></span> 
     </span>
     <span class='ocr_line' id='line_1_39' title="bbox 122 4093 1164 4169; baseline -0.001 -21"><span class='ocrx_word' id='word_1_326' title='bbox 122 4095 160 4149; x_wconf 91' lang='lat' dir='ltr'><strong>dit</strong></span> <span class='ocrx_word' id='word_1_327' title='bbox 172 4114 224 4148; x_wconf 83' lang='lat' dir='ltr'><strong>vox</strong></span> <span class='ocrx_word' id='word_1_328' title='bbox 236 4094 374 4167; x_wconf 76' lang='lat' dir='ltr'><strong>singularis</strong></span> <span class='ocrx_word' id='word_1_329' title='bbox 383 4093 601 4166; x_wconf 76' lang='lat' dir='ltr'><strong>externporalitas.</strong></span> <span class='ocrx_word' id='word_1_330' title='bbox 665 4115 724 4148; x_wconf 88' lang='lat' dir='ltr'><strong>ram</strong></span> <span class='ocrx_word' id='word_1_331' title='bbox 736 4096 813 4169; x_wconf 85' lang='lat' dir='ltr'><strong>lapsu</strong></span> <span class='ocrx_word' id='word_1_332' title='bbox 825 4098 949 4149; x_wconf 85' lang='lat' dir='ltr'><strong>modestia</strong></span> <span class='ocrx_word' id='word_1_333' title='bbox 958 4095 1067 4167; x_wconf 75' lang='lat' dir='ltr'><strong>etfama</strong></span> <span class='ocrx_word' id='word_1_334' title='bbox 1077 4109 1164 4147; x_wconf 87' lang='lat' dir='ltr'><strong>ortum</strong></span> 
     </span>
    </p>

    <p class='ocr_par' dir='ltr' id='par_1_13' title="bbox 123 4173 1165 4326">
     <span class='ocr_line' id='line_1_40' title="bbox 155 4173 1165 4248; baseline -0.003 -20"><span class='ocrx_word' id='word_1_335' title='bbox 155 4176 180 4228; x_wconf 86' lang='lat'><strong>6.</strong></span> <span class='ocrx_word' id='word_1_336' title='bbox 204 4176 241 4228; x_wconf 84' lang='lat' dir='ltr'><strong>Ut</strong></span> <span class='ocrx_word' id='word_1_337' title='bbox 255 4177 301 4248; x_wconf 79' lang='lat' dir='ltr'><strong>qui</strong></span> <span class='ocrx_word' id='word_1_338' title='bbox 317 4186 434 4228; x_wconf 85' lang='lat' dir='ltr'><strong>cantaret</strong></span> <span class='ocrx_word' id='word_1_339' title='bbox 448 4187 473 4228; x_wconf 85' lang='lat' dir='ltr'><strong>et</strong></span> <span class='ocrx_word' id='word_1_340' title='bbox 482 4173 622 4246; x_wconf 81' lang='lat' dir='ltr'><strong>psalleret,</strong></span> <span class='ocrx_word' id='word_1_341' title='bbox 667 4194 698 4228; x_wconf 84' lang='lat' dir='ltr'><strong>ex</strong></span> <span class='ocrx_word' id='word_1_342' title='bbox 711 4175 842 4228; x_wconf 79' lang='lat' dir='ltr'><strong>modestia</strong></span> <span class='ocrx_word' id='word_1_343' title='bbox 849 4174 942 4246; x_wconf 84' lang='lat' dir='ltr'><strong>fama,</strong></span> <span class='ocrx_word' id='word_1_344' title='bbox 958 4174 1030 4246; x_wconf 86' lang='lat' dir='ltr'><strong>quod</strong></span> <span class='ocrx_word' id='word_1_345' title='bbox 1041 4174 1165 4228; x_wconf 80' lang='lat' dir='ltr'><strong>facillime</strong></span> 
     </span>
     <span class='ocr_line' id='line_1_41' title="bbox 123 4253 1165 4326; baseline -0.002 -19"><span class='ocrx_word' id='word_1_346' title='bbox 123 4269 171 4308; x_wconf 89' lang='lat' dir='ltr'><strong>etc.</strong></span> <span class='ocrx_word' id='word_1_347' title='bbox 187 4253 304 4310; x_wconf 83' lang='lat' dir='ltr'><strong>Psallere</strong></span> <span class='ocrx_word' id='word_1_348' title='bbox 320 4268 359 4308; x_wconf 84' lang='lat' dir='ltr'><strong>est</strong></span> <span class='ocrx_word' id='word_1_349' title='bbox 372 4253 407 4307; x_wconf 88' lang='lat' dir='ltr'><strong>ad</strong></span> <span class='ocrx_word' id='word_1_350' title='bbox 418 4256 622 4308; x_wconf 88' lang='lat' dir='ltr'><strong>instrumentum</strong></span> <span class='ocrx_word' id='word_1_351' title='bbox 667 4253 787 4308; x_wconf 86' lang='lat' dir='ltr'><strong>accidere</strong></span> <span class='ocrx_word' id='word_1_352' title='bbox 804 4256 906 4326; x_wconf 86' lang='lat' dir='ltr'><strong>potuit,</strong></span> <span class='ocrx_word' id='word_1_353' title='bbox 921 4273 1003 4326; x_wconf 88' lang='lat' dir='ltr'><strong>quum</strong></span> <span class='ocrx_word' id='word_1_354' title='bbox 1017 4255 1098 4308; x_wconf 84' lang='lat' dir='ltr'><strong>verba</strong></span> <span class='ocrx_word' id='word_1_355' title='bbox 1112 4256 1165 4306; x_wconf 90' lang='lat' dir='ltr'><strong>siu·</strong></span> 
     </span>
    </p>
   </div>
   <div class='ocr_carea' id='block_1_8' title="bbox 0 0 1567 5144">
    <p class='ocr_par' dir='ltr' id='par_1_14' title="bbox 0 0 1567 5144">
     <span class='ocr_line' id='line_1_42' title="bbox 0 0 1567 5144; baseline 0 0"><span class='ocrx_word' id='word_1_356' title='bbox 0 0 1567 5144; x_wconf 95' lang='lat' dir='ltr'><strong> </strong></span> 
     </span>
    </p>
   </div>
  </div>
 </body>
</html>
