3048 5142
491 601 495 610 .
525 536 688 605 GALBA.
1060 531 1125 600 265

94 670 184 762 longe
200 692 418 764 percussores
435 669 562 736 abesse.
580 665 680 734 Haud
698 669 806 736 multo
821 684 921 758 post²
940 672 1125 765 cognoscit,

95 787 192 852 teneri
206 798 316 850 castra
334 783 378 850 ah
394 779 547 848 Othone:
566 805 606 847 ac
625 779 810 876 plerisque,
827 799 866 850 ut
877 783 995 852 eodem
1015 808 1127 880 quam

94 899 235 988 primum
248 909 417 986 pergeret,
433 891 671 960 suadentibus³
689 897 805 986 (posse
821 898 910 962 enim
930 899 1127 966 auctoritate

95 1021 123 1074 et
136 1007 316 1098 praesentia
331 1002 547 1096 praevalere),
560 1002 644 1070 nihil
659 1001 820 1096 amplius,
837 1027 940 1098 quam
957 1009 1127 1074 continere

95 1141 138 1199 se,
150 1119 285 1200 statuit,
298 1131 332 1183 et
342 1114 601 1207 legionariorum
611 1115 746 1183 firmare
757 1115 936 1208 praesidiis,
947 1120 1004 1212 qui
1017 1116 1128 1185 multi-

95 1227 203 1294 fariam
220 1223 419 1320 diverseque
433 1223 628 1294 tendebant.
648 1228 800 1294 Loricam
814 1243 926 1294 tamen
943 1227 1055 1295 induit
1066 1227 1128 1295 lin·

95 1337 210 1421 teaml,
231 1360 438 1434 quamquam
461 1335 554 1404 haud
572 1337 805 1438 dissimulans,
824 1362 945 1431 parum
966 1338 1127 1407 adversus

94 1465 138 1517 tot
150 1472 331 1518 mucrones
348 1447 572 1540 profuturam.
593 1445 656 1515 Sed
675 1465 842 1518 extractus
861 1450 1053 1518 rumoribus
1071 1448 1130 1517 fal·

95 1561 166 1644 sis⁵,
184 1584 273 1656 quos
292 1553 489 1652 conspirati,
510 1575 547 1625 ut
562 1583 640 1626 eum
656 1562 691 1628 in
706 1559 877 1651 publicum
898 1559 1069 1643 elicerent,
1086 1561 1129 1629 de

95 1667 252 1739 industria
263 1669 481 1763 dissiparant,
490 1673 605 1761 paucis
617 1687 743 1738 temere
750 1671 996 1740 affirmantibus
1007 1726 1015 1756 ,
1028 1689 1131 1740 trans-

95 1801 199 1850 actum
210 1783 395 1874 negotium,
407 1804 586 1873 oppressos
594 1782 651 1876 qui
661 1779 963 1878 tumultuarentur,
971 1783 1131 1851 advenire

95 1891 282 1985 frequentes
292 1907 420 1959 ceteros
433 1887 714 1981 gratulabundos,
726 1907 760 1958 et
771 1895 806 1958 in
819 1916 919 1959 omne
930 1892 1131 1987 obsequium

96 2018 241 2094 paratos;
259 1999 314 2068 his
326 2019 364 2068 ut
374 2015 580 2082 occurreret,
593 2000 717 2092 prodiit
728 2017 819 2068 tanta
832 2000 969 2085 fiducia,
982 2017 1020 2068 ut
1033 2001 1130 2068 militi

96 2111 472 2195 cuidam,occisumase
481 2110 650 2179 Othonem
661 2111 830 2204 glorianti,
844 2115 940 2196 «Quo
950 2116 1126 2178 auctoreis
1234 2163 1236 2168 .

97 2220 336 2316 responderit⁶z¹
357 2238 457 2318 atque
471 2223 506 2289 in
517 2227 642 2289 Forum
661 2247 770 2318 usque
786 2223 957 2314 processit.
976 2220 1026 2288 lhi
1044 2221 1132 2316 equi·

128 2437 150 2470 a.
168 2421 251 2472 Haud
260 2419 345 2472 multo
356 2431 430 2491 post,
444 2433 494 2474 etc.
508 2419 586 2472 cont.
634 2420 749 2472 exitium.
759 2422 816 2472 Nec
826 2418 923 2471 diutins
932 2417 1016 2471 Galba
1026 2429 1132 2468 cuncta·

97 2497 219 2552 Plutarch.
233 2518 294 2570 cap.
312 2497 353 2552 25.
367 2500 452 2552 Tacit.
467 2518 526 2570 cap.
541 2515 588 2568 ²9²
634 2513 698 2575 tus,
717 2504 877 2574 speciosiora
896 2498 1069 2551 suadentibus
1090 2517 1133 2550 ao-
1172 2513 1180 2522 ·

100 2581 218 2649 algnarus
234 2580 339 2632 interim
357 2579 442 2631 Galba
463 2593 489 2631 et
507 2579 589 2631 sacris
634 2581 720 2630 cessit.
740 2580 889 2631 Praemissus
904 2590 990 2629 tamen
1005 2579 1031 2628 in
1046 2588 1132 2628 castra

98 2659 219 2725 intentus,
239 2659 366 2730 fatigabat
382 2657 460 2710 alieni
471 2660 526 2726 jam
540 2659 589 2708 im·
634 2658 708 2724 Piso,
720 2671 786 2712 etc·
801 2659 840 2710 Cf.
850 2657 981 2710 Plutarch.
994 2676 1052 2728 cap.
1067 2655 1108 2708 26.

98 2739 253 2808 periiDeoa‚
267 2757 349 2809 quum
361 2737 472 2790 affertur
485 2755 610 2802 rumor,¹
669 2738 694 2805 4.
723 2739 841 2791 Loricam
863 2751 949 2790 tamen
974 2737 1059 2788 induit
1081 2735 1133 2787 lin-

99 2817 149 2886 rapt'
168 2818 196 2869 in
210 2827 294 2870 castra
308 2819 434 2870 incertum
448 2836 524 2890 quem
543 2818 590 2870 Se-
635 2828 710 2869 team.
739 2819 824 2870 Tacit.
848 2835 907 2888 cap.
929 2814 982 2880 35,
1005 2815 1132 2880 Galbam,

98 2906 219 2962 nutarem,
232 2915 309 2962 mox,
325 2896 454 2949 Othonem
468 2915 533 2962 esse,
546 2897 591 2967 qui
633 2905 717 2948 sumto
738 2896 853 2962 thorace,
874 2894 938 2949 sella
957 2895 1088 2959 levatum,
1107 2905 1134 2944 et

99 2983 236 3043 raperetun
255 2973 332 3026 simul
346 2993 377 3025 ex
388 2987 444 3026 tota
456 2973 542 3041 Urbe,
561 2987 590 3026 ut
634 2971 764 3026 Plutarch.
781 2993 901 3045 quoqne,
916 2992 976 3043 cap.
992 2972 1133 3042 a7‚r18o-

99 3052 201 3122 quisqne
214 3052 309 3104 obrius
324 3053 424 3118 fuerat,
444 3052 488 3104 alii
498 3053 591 3104 formi-
634 3049 766 3120 petronissa
783 3052 881 3104 dicunt.
899 3054 938 3103 De
956 3050 1036 3102 lintea
1050 3049 1131 3100 lorica

98 3127 178 3184 dinem
195 3144 340 3202 angentes,
359 3131 465 3202 quidam
487 3133 591 3183 minora
634 3129 826 3184 videTorrent.
843 3129 995 3181 etCasaub.
1013 3127 1133 3180 adhunc

98 3227 167 3276 sero,
178 3224 280 3264 netum
292 3210 399 3283 quidem
413 3209 490 3262 ohliti
502 3210 590 3262 adula·
634 3209 737 3275 locum,
749 3224 775 3262 et
787 3229 853 3281 quos
868 3211 956 3262 citavit
968 3210 1088 3261 Pitiscus.

98 3288 184 3355 donn,
197 3305 264 3342 etc·
670 3289 694 3343 5.
708 3291 759 3342 Sed
764 3301 890 3344 extractus
900 3290 1042 3344 rumoribus
1044 3287 1132 3361 falsis,

128 3368 207 3420 &Aa
224 3368 352 3440 plerisque
355 3406 401 3418 .....
418 3367 588 3419 suadentibus.
635 3382 684 3420 etc.
709 3371 792 3420 Tacit.
814 3369 950 3440 capsid,
978 3369 1049 3421 «vix
1070 3367 1132 3418 dum

97 3447 174 3498 Tacit.
184 3466 242 3519 cap.
257 3447 305 3498 32:
323 3444 453 3497 nGalbam
465 3443 522 3496 duae
532 3463 590 3498 sen·
635 3465 739 3516 egresso
754 3449 861 3512 Pisone,
874 3447 990 3498 occisum
1003 3447 1029 3497 in
1042 3447 1133 3499 castris

97 3528 176 3577 tentiae
187 3524 357 3580 distinebant.
372 3525 403 3576 T.
411 3524 521 3589 Vinius,
533 3544 589 3576 ma·
634 3525 782 3592 Othonem,
796 3545 878 3596 vagus
889 3529 1004 3597 primurn
1015 3540 1039 3577 et
1047 3527 1134 3578 incer·

98 3605 205 3656 nendum
220 3605 288 3655 intra
302 3603 422 3662 domum
435 3601 590 3674 opponenda
635 3617 677 3658 tus
700 3625 805 3668 rumor;
828 3625 907 3672 mox,
934 3621 963 3659 ut
983 3609 1009 3657 in
1032 3607 1133 3676 magnis

97 3679 590 3755 struitia,firrnandosaditns,noneun·
635 3682 794 3749 mendaciis,
814 3684 965 3736 interfuisse
980 3702 1007 3735 se
1026 3683 1133 3755 quidam

98 3761 312 3827 dumadiratoa,
332 3759 488 3812 censebat...
511 3760 591 3811 Festi·
636 3777 661 3814 et
683 3761 793 3830 vidisse,
820 3762 1003 3827 affirmabant,
1027 3759 1133 3813 credula

99 3842 209 3893 nandum
229 3842 322 3892 ceteris
342 3838 497 3904 videbatur,
517 3848 591 3889 ante·
634 3842 704 3893 lama
714 3841 933 3912 inter-gaudentes
941 3855 966 3894 et
977 3842 1132 3893 incuriosos.

98 3939 169 3991 qnam
179 3934 297 3976 cresceret
308 3919 425 3974 invalida
434 3919 519 3972 adhue
527 3938 591 3972 con·
635 3922 713 3974 Multi
732 3923 939 3988 arbitrabantur,
964 3921 1133 3992 compositum

92 4001 187 4070 juratio
197 4019 369 4072 pancorum...
390 3999 589 4070 depugnantem
635 4013 790 4074 auctumque
809 4021 952 4066 rumorem,
976 4001 1064 4052 mixtis
1073 4001 1133 4069 jam

98 4077 156 4132 hnic
166 4083 299 4134 sententie
307 4081 416 4131 Vinium
426 4080 495 4131 Laco
505 4080 591 4128 mina·
638 4080 802 4142 Othonianis,
811 4081 856 4151 qni
861 4080 896 4131 ad
902 4077 1061 4132 evocandum
1072 4070 1134 4126 cal-

99 4159 159 4210 citer
169 4161 274 4228 invasit,
284 4159 434 4212 stimulante
442 4157 528 4221 Icelo,
538 4157 591 4229 pri·
636 4157 694 4209 bam
707 4156 843 4229 laetasalso
854 4155 1043 4231 vulgaverint.»

99 4238 147 4288 rati
161 4237 216 4290 odii
234 4240 394 4309 pertinacia,
411 4239 437 4290 in
455 4235 590 4306 publicum
671 4235 695 4286 6.
712 4236 766 4304 Quo
776 4235 897 4286 auctore?
908 4229 1069 4302 responderit.
1082 4229 1135 4279 Ta·
