3054 5152
530 502 669 584 NERO.
1059 521 1120 612 157

97 659 210 713 tautum
221 641 312 738 quod
325 645 495 712 exoriente
506 641 611 728 sole³,
624 667 721 736 paene
735 658 773 711 ut
784 645 884 713 radiis
896 648 1005 739 prius,
1021 671 1124 744 quum

97 774 190 838 terre,
211 757 470 849 contingeretur.
493 761 541 824 De
562 758 716 848 genitura
736 753 810 849 ejus
830 759 941 826 stetim
962 758 1070 826 multa
1090 776 1124 827 et

96 865 296 936 formidolosa
309 868 430 936 -multis
452 865 734 961 conjectantibus,
754 872 917 962 praesagio
939 869 1003 937 fuit
1022 874 1124 939 etiam

95 981 210 1046 Domitii
222 981 325 1071 patris
340 978 539 1063 voxt,.inter
549 978 789 1073 gratulationes
800 983 986 1050 amicorum
998 1007 1121 1075 negau-

94 1091 142 1173 ιιι,
153 1090 330 1184 quicquam
344 1113 384 1156 ex
394 1111 430 1158 se
445 1107 479 1158 et
489 1092 689 1184 Agrippina,
704 1091 768 1159 nisi
780 1089 974 1160 detestabile
987 1110 1021 1159 et
1032 1091 1122 1160 malo

94 1199 227 1294 publico,
247 1204 342 1270 nesci
361 1205 523 1295 potuisse.
543 1199 704 1296 Ejusdem
722 1203 844 1270 sutum
861 1202 1061 1272 infelicitatis
1079 1206 1124 1272 si-

93 1310 198 1402 guum⁵
215 1310 352 1380 evidens
370 1311 424 1380 die
437 1310 596 1380 ιιιιιιὶοο6
613 1315 755 1381 exstitit:
776 1336 855 1379 nam
873 1317 910 1381 C.
929 1317 1052 1397 Caesur,
1067 1337 1122 1381 ro·

92 1435 176 1512 gente
193 1444 325 1505 sorore,
345 1438 384 1490 ut
401 1422 539 1505 infanti,
556 1422 648 1519 quod
666 1422 784 1504 vellet,
803 1446 928 1491 nomen
946 1419 1057 1507 deret,
1071 1427 1122 1491 in-

92 1547 174 1606 tuens
182 1529 362 1600 Claudium
372 1550 533 1626 patruum
542 1556 770 1627 suum,aquo
780 1557 859 1600 mox
870 1535 1023 1625 Principe
1034 1537 1123 1601 Nero

91 1639 255 1734 adoptante
269 1659 338 1729 est,
358 1641 431 1737 ejus
451 1668 488 1713 se
502 1644 586 1713 dixit
598 1643 695 1714 darc:
711 1667 822 1740 neque
836 1646 923 1737 ipse⁷
942 1646 1048 1727 serio,
1063 1643 1122 1712 sed

19 1845 20 1852 ’
91 1839 185 1890 ltnuer.
200 1837 315 1909 Capitol.
331 1858 391 1912 cep.
407 1859 438 1910 a,
452 1843 578 1914 quicum·
621 1842 824 1914 interpretantes
848 1839 1002 1911 ⁸publicae,
1026 1837 1123 1910 populi

19 1923 20 1954 ³
92 1914 142 1967 den
154 1915 219 1968 dem
232 1917 304 1969 Vero
315 1917 430 1971 natalem
442 1919 541 1990 prodit.
622 1920 749 1984 Romani,
764 1917 836 1969 orbis
848 1931 1013 1982 terrarum„
1026 1915 1123 1986 quibus

19 2013 20 2078 ᾗ
119 1995 142 2049 3.
160 1994 272 2048 Tantum
283 1996 354 2068 quod
363 1997 495 2050 exoriente
505 1997 576 2065 sole,
621 1997 787 2060 accedimus,
799 1998 835 2048 ita
848 2009 953 2062 tamen,
965 2007 994 2047 ut
1006 2013 1067 2048 cunr
1076 1995 1123 2046 Er·

19 2081 21 2112 l
92 2073 209 2144 nequod
218 2076 288 2126 inter
297 2077 421 2146 praesegie
431 2076 515 2128 futuri
524 2078 575 2129 Ne·
621 2079 705 2130 nestio
719 2077 840 2149 Ejusdm
851 2077 979 2128 referatur
990 2073 1024 2127 ad
1035 2075 1123 2126 Nero·

19 2149 20 2160 ¹
92 2153 150 2205 mnis
162 2155 576 2227 imperiicommemorntXiphil.
621 2174 692 2223 nem,
703 2155 775 2228 qnod
783 2155 921 2207 manifeste
930 2155 1059 2226 superiori
1069 2156 1123 2226 q‘us

19 2267 21 2300 ,
92 2229 151 2297 ut,
167 2233 577 2288 2.·-Poeneutradiis....con-
620 2233 782 2305 respondet,
801 2250 856 2285 non
878 2252 938 2285 oum
960 2231 1123 2306 infelicitatis

19 2317 20 2328 ¹
92 2311 228 2382 dopmno,-
237 2310 266 2365 h.
277 2331 301 2364 e.
311 2326 342 2366 nt
352 2315 424 2366 Nero
434 2316 508 2385 prius
522 2316 576 2368 fere
620 2317 823 2385 conjungamus.
836 2314 967 2365 Nimirum
980 2311 1122 2384 infelicita-

92 2385 157 2441 rtdiis
174 2390 386 2462 contingeretur,
406 2409 487 2462 quem
505 2405 576 2444 terre
621 2403 672 2445 tem
690 2392 742 2444 dici
755 2405 821 2463 puto
834 2409 914 2445 sensu
930 2392 1080 2457 transitivo,
1092 2405 1122 2444 ut

19 2531 20 2536 ¹
91 2463 203 2521 lisrediis
213 2484 337 2523 contacta
347 2483 400 2538 est,
410 2489 490 2542 quam
499 2472 576 2524 inter·
621 2471 707 2523 Cicer.
720 2469 834 2542 Philipp.
849 2473 887 2537 ll,
903 2470 952 2537 26,
968 2488 1047 2522 «mee
1062 2489 1123 2522 sen-

90 2551 247 2620 ptetutionesn
252 2549 404 2603 facillimam
409 2569 515 2622 prorsus
521 2569 575 2604 non
619 2551 718 2616 tentia,
732 2549 821 2622 siquis
832 2546 950 2621 Reipubl.
965 2548 997 2601 tit
1009 2547 1120 2621 infelix,

91 2627 214 2696 efferrem,
225 2631 276 2681 nisi
287 2631 379 2704 inepte
387 2643 456 2682 esset
470 2629 521 2683 elie
533 2633 576 2682 Pi·
614 2628 686 2700 felix
705 2648 756 2684 esse
773 2648 826 2681 non
845 2640 959 2701 potest·
981 2630 1019 2680 lts
1038 2639 1121 2696 terra,

91 2709 138 2762 tini
146 2721 298 2779 nasceretur,
310 2731 388 2784 quem
400 2713 498 2786 praeivit
509 2714 575 2765 Tor·
620 2711 743 2763 arborest
755 2707 863 2783 infelix,
876 2728 933 2781 qne
943 2708 1122 2761 infelicitatem

90 2801 144 2841 rent
157 2789 188 2842 td
202 2791 272 2861 Aug.
288 2789 321 2857 5,
337 2789 381 2843 ubi
394 2803 508 2842 veterem
520 2809 576 2842 nro-
619 2787 661 2840 vel
681 2789 775 2856 affert,
792 2788 833 2841 vel
853 2787 997 2861 portendit.
1012 2787 1122 2859 Signum

90 2883 147 2933 ten,
155 2869 283 2923 infantem
294 2887 387 2922 recens
399 2880 491 2922 natum
502 2867 575 2924 nude
620 2881 707 2921 autern
718 2871 809 2922 eratin
819 2867 883 2923 dato
892 2870 1000 2920 nomine
1008 2867 1121 2936 Claudii,

89 2946 319 3016 internoscendi,
332 2950 428 3022 respici
437 2951 575 3003 existimet.
619 2968 681 3002 mox
693 2951 876 3022 Imperatoris,
889 2968 920 3001 ac
930 2949 989 3001 talis
1000 2948 1121 3020 quidem,

88 3025 220 3082 lumenmt
237 3031 318 3102 igitur
335 3029 414 3082 verba
435 3042 485 3082 ent
502 3031 575 3082 Nero
620 3030 667 3101 qui
675 3031 787 3100 imperio
796 3028 997 3101 Rempublicsm
1009 3030 1121 3080 maxime

89 3103 154 3160 rtdiis
163 3111 254 3180 prius,
269 3126 349 3179 quem
360 3122 431 3160 terre
442 3106 574 3160 aNerone
620 3107 756 3178 affligeret.
871 3145 875 3152 ·

88 3189 303 3260 coadunentur,-
324 3186 365 3241 vel
379 3199 445 3240 terra
461 3199 574 3259 puteve·
654 3188 681 3241 6.
702 3187 752 3238 Die
768 3185 880 3239 Ιιιιιιίιο.
894 3184 1014 3239 Meorob.
1027 3187 1054 3252 l,
1073 3184 1118 3237 16:
1146 3205 1148 3210 ·

87 3278 200 3321 mtetse
212 3267 367 3322 ablativum.
378 3271 525 3340 Utramque
537 3286 576 3321 re·
622 3268 689 3318 «Est
705 3266 782 3317 etiam
799 3265 924 3316 Noudion
939 3267 1121 3317 Romanorum

87 3347 170 3399 tionem
181 3346 350 3414 durissimam
362 3365 435 3415 esse,
450 3347 574 3420 quianon
619 3345 692 3412 Dea,
706 3363 721 3398 n
736 3362 809 3396 nono
821 3342 864 3396 die
876 3345 1040 3397 nascentium
1050 3363 1121 3396 nun·

86 3426 259 3479 ttttimvidet?
621 3438 735 3500 cupetur,
755 3429 800 3498 qui
818 3425 938 3480 lectrices
955 3423 1058 3492 diritnf.
1073 3429 1121 3480 Est

112 3504 135 3573 4.
151 3507 266 3559 Domitii
280 3505 363 3578 patris
380 3525 445 3572 vos,
468 3519 518 3558 etc.
532 3505 572 3559 Cf.
619 3519 708 3560 antem
721 3505 777 3558 dies
788 3505 928 3571 lustricus,
941 3525 995 3579 quo
1005 3507 1120 3562 infantes

85 3581 196 3655 fiphdin
211 3604 274 3658 cap
288 3586 333 3637 cit
616 3587 762 3641 lustrantur
770 3599 796 3640 et
806 3607 903 3640 nomen
913 3601 1062 3658 accipiunt
1072 3587 1120 3640 sed

112 3663 133 3717 ⁵.
149 3664 274 3739 Ejusdem
288 3663 391 3735 fiswroe
410 3662 574 3736 infelicitatis
617 3665 767 3721 lemuribus
781 3684 888 3732 nonus,
901 3679 1009 3718 octavus
1024 3679 1064 3718 est
1080 3667 1120 3720 fe-

51 3803 55 3816 ,
83 3743 186 3813 ιὶφιιιιι,
203 3757 256 3796 eto.
275 3741 441 3794 servavimus
458 3739 573 3812 infelici·
617 3745 724 3799 minis.»
712 3743 1036 3798 »Videl'itiscumndloo
1048 3759 1117 3798 nost.

84 3821 132 3874 tetis
134 3822 227 3895 ,qnod
239 3821 371 3874 librorum
385 3837 517 3874 consensu
530 3821 572 3872 ni·
618 3837 644 3878 et
658 3823 692 3877 ab
705 3842 737 3876 eo
750 3819 889 3876 unitates.

83 3900 141 3953 titan
156 3905 230 3958 Unus
242 3900 311 3955 alter
317 3900 471 3976 felicitatis,
487 3918 518 3954 ex
531 3913 572 3953 te-
653 3919 678 3973 7.
691 3902 758 3974 Ipse.
773 3903 882 3955 Ponitur
890 3913 999 3975 propter
1011 3918 1118 3974 oppoer

84 3979 573 4045 umnelibreriioorrectionemtmihi
617 3982 716 4036 tionem
727 3979 885 4052 Agrippinae.
902 3981 940 4034 lta
953 3991 1055 4045 etune,
1071 3993 1118 4032 net

83 4057 171 4114 vitletm
171 4081 273 4134 ,quem
283 4063 396 4134 sLipsio
405 4062 572 4134 propinatam
620 4058 672 4111 ece
684 4076 748 4110 nom
762 4056 829 4110 dont
839 4057 983 4129 Agrippine
997 4056 1117 4122 leseitli,

83 4141 169 4210 recepit
182 4141 265 4193 etiam
278 4139 423 4193 Emestius.
435 4135 513 4208 vulg.
528 4137 573 4190 de·
621 4136 708 4190 nilne
726 4136 750 4188 le
766 4136 877 4189 donnsit
895 4133 933 4188 lui
951 4132 1028 4206 qu'en
1048 4131 1117 4205 plsi-

82 4214 401 4274 lenduntetiemOudend.
414 4217 572 4284 etWolfius,
621 4229 762 4282 sentent,
777 4229 851 4268 eto.-
