3048 5142
540 531 677 597 NERO.
1066 557 1132 626 229

109 657 355 728 deverticulum⁵
371 671 511 750 rentum
525 674 594 739 est,
607 656 753 724 dimissis
768 664 863 753 equis
880 663 967 729 inter
981 664 1134 731 fruticeta

107 793 142 838 ae
154 793 281 862 vepres,
301 795 361 863 per
377 769 571 839 arundineti
584 771 737 836 semitam
754 794 858 862 aegre,
873 795 936 840 nec
952 777 1015 842 nisi
1033 792 1134 842 strata

109 880 166 948 sub
184 879 321 973 pedibus
340 897 447 965 veste,
472 878 516 947 ad
537 903 694 946 aversum
709 879 798 949 villae
814 882 999 975 parietem⁶
1021 889 1134 953 evasit.

110 991 153 1059 lbi
163 989 312 1059 hortante
324 990 445 1060 eodem
455 991 617 1069 Phaonte,
629 1007 668 1058 ut
676 994 811 1060 interim
820 997 855 1060 in
868 1019 1007 1086 specum
1016 1013 1137 1088 egestae

109 1125 209 1168 arenae
222 1099 438 1169 concederet⁷
447 1152 456 1183 ,
477 1103 626 1192 negavit,
651 1124 710 1168 «se
726 1105 842 1170 virum
856 1105 919 1172 sub
934 1121 1057 1172 terram
1075 1105 1141 1173 itu·

110 1235 215 1278 rumzs
235 1235 275 1278 ac
291 1235 474 1304 parumper
488 1229 733 1295 commoratus,
758 1212 841 1281 dum
856 1213 1083 1284 clandestinus
1095 1216 1138 1285 ad

110 1323 213 1392 villam
223 1328 379 1392 introitus
390 1338 577 1417 pararetur,
590 1345 715 1416 aquam
728 1346 770 1391 ex·
783 1322 934 1418 subjecta
944 1327 1066 1394 lacuna
1077 1351 1138 1420 po-

110 1450 197 1503 turus
217 1461 321 1506 manu
345 1431 494 1518 hausit⁸;
522 1450 570 1516 et,
599 1438 702 1500 “Haec
724 1439 955 1530 est,ainquit,
977 1442 1140 1506 «Neronis

111 1543 271 1614 decocta.»
296 1549 397 1628 Dein,
417 1543 548 1613 divulsa
564 1544 715 1612 sentibus
729 1545 880 1638 paenula,
901 1546 1057 1640 trajectos
1074 1575 1143 1617 sur·

112 1654 196 1724 culos
209 1660 328 1725 rasit⁹z
353 1673 455 1751 atque
469 1659 515 1723 ita
538 1653 731 1751 quadrupes
745 1680 807 1750 per
824 1663 995 1750 angustias
1010 1660 1140 1728 effossae

112 1790 252 1836 cavernae
277 1785 434 1863 receptus
454 1770 489 1835 in
502 1769 690 1861 proximam
709 1767 846 1850 cellam,
861 1766 1021 1838 decubuit
1040 1795 1142 1864 super

110 1874 384 1960 lectum,modica
396 1878 565 1958 culcita¹⁰,
577 1893 691 1944 vetere
702 1876 804 1969 pallio
816 1895 921 1947 strato
929 1883 1140 1948 instructum.

143 2091 166 2144 5.
184 2091 226 2146 Ad
235 2092 438 2158 deverticulum
450 2114 504 2167 quo
514 2113 545 2146 ex
556 2113 604 2166 pu·
684 2093 707 2145 8.
727 2094 868 2166 Aquam...
883 2113 966 2146 mortu
981 2094 1080 2161 Ιιαιιείε,
1095 2107 1145 2146 etc.

112 2168 174 2223 biioa
190 2173 230 2223 ria
247 2172 276 2223 in
294 2173 383 2224 villani
401 2171 550 2226 flectebant.
568 2201 604 2210 -
648 2171 687 2222 Cf.
699 2171 800 2243 Xiphit
814 2172 831 2224 l.
846 2193 868 2224 c.
881 2173 928 2224 ubi
941 2175 1099 2225 Reimarum.
1112 2204 1147 2212 —

113 2250 315 2306 Perarundt'nett'
322 2261 439 2306 semitam
446 2290 454 2317 ,
465 2265 514 2304 etc.
525 2251 602 2303 conf.
648 2279 684 2290 -
694 2252 757 2304 Hoec
766 2263 829 2305 est...
840 2253 951 2306 Nemnis
960 2255 1071 2305 decocta.
1082 2252 1148 2303 Vide

112 2327 323 2400 Xipbil.loc.cit.
649 2329 776 2384 Harduin.
786 2331 820 2383 ad
829 2332 894 2384 Plin.
906 2336 973 2385 Hist.
983 2335 1044 2384 Nat.
1053 2333 1148 2398 XXXI,

144 2412 168 2464 6.
184 2413 226 2463 Ad
242 2433 360 2466 aversum
382 2411 452 2465 vitto
468 2411 602 2484 parietem.
650 2408 756 2482 3(23),
773 2413 907 2480 sNeronis
916 2415 1044 2484 Principis
1056 2413 1150 2464 inven-

112 2489 235 2545 Constans
244 2492 374 2545 librorum
382 2492 459 2544 lectio
469 2492 505 2543 ad
512 2490 605 2542 advers
648 2503 704 2541 tum
721 2505 759 2544 est
775 2489 926 2564 decoquere
942 2513 1053 2564 aquam,
1069 2495 1151 2546 vitro-

113 2589 177 2640 rum,
192 2571 234 2623 vel
248 2574 307 2624 sine
323 2571 358 2623 ad
374 2569 455 2622 modo
471 2569 604 2622 adversum
650 2570 1148 2643 quedemissaminnivesrefrigeraren

113 2649 148 2702 rel
153 2652 276 2716 advenas,
285 2670 397 2722 eamque
403 2650 604 2704 defenditetiam
685 2669 711 2720 9.
727 2653 856 2723 Traiectus
866 2652 981 2706 recreatos
992 2654 1061 2704 rasit.
1071 2649 1152 2703 Intei-

113 2729 234 2783 Waltber.
249 2731 363 2784 Obserr.
378 2749 438 2803 pag.
457 2748 501 2800 27,
517 2744 546 2780 ut
557 2729 605 2782 ad·
651 2730 702 2800 lige
712 2731 831 2784 surculos
843 2751 924 2804 super
936 2733 1004 2784 viam
1014 2735 1151 2802 trajectos,

114 2826 187 2862 versus
198 2811 231 2861 sit
241 2811 330 2881 paries
344 2821 466 2881 respectu
479 2810 608 2874 Neronis,
651 2809 678 2860 h.
690 2829 713 2861 e.
724 2823 871 2863 transverse
881 2813 927 2862 viae
936 2813 1102 2880 interjectos,
1111 2809 1153 2858 vel

114 2890 154 2959 qui
168 2909 226 2942 eum
241 2889 367 2962 petebat,
382 2891 507 2962 quoniam
520 2891 606 2940 omnia
653 2909 683 2942 ex
693 2891 818 2960 proximis
829 2889 946 2941 sentibus
956 2891 992 2940 ita
1001 2890 1154 2960 prominen-

113 2968 208 3021 edversa
228 2969 372 3032 dicuntur,
392 2987 449 3040 qua
468 2982 530 3021 sunt
547 2983 608 3021 ante
652 2981 707 3034 tes,
722 2983 751 3020 nt
770 2988 849 3040 super
867 2972 909 3022 ria
928 2987 955 3020 se
970 2968 1153 3039 implicarent,

112 3066 171 3116 nos,
190 3062 218 3101 ut
231 3051 354 3122 proxime
367 3048 478 3122 sulpure
495 3050 606 3102 adverso.
654 3064 768 3118 corpore
780 3048 853 3112 rasit,
868 3046 895 3098 b.
914 3065 935 3098 e.
954 3047 1072 3109 strinxit,
1091 3064 1155 3116 per·

113 3128 171 3195 Qua
185 3129 249 3183 licet
270 3131 322 3182 sint
339 3131 492 3195 verissima,
510 3129 609 3181 inutilis
655 3129 744 3196 repsit.
761 3129 836 3177 Hanc
850 3128 921 3177 enim
936 3125 1156 3196 significationem

115 3219 195 3262 tamen
205 3229 237 3262 eo
251 3227 330 3261 sensu
341 3207 406 3260 mihi
417 3209 521 3261 videtur
530 3208 610 3280 bajus
654 3205 728 3256 verbi
741 3205 828 3256 radere
840 3205 910 3256 malo
922 3223 983 3255 cum
995 3205 1098 3256 Ernest.
1113 3204 1157 3256 ad·

113 3288 200 3340 vocab.
214 3287 347 3359 adjectio3
361 3300 387 3339 et
399 3299 454 3339 tota
466 3288 517 3340 loci
529 3289 611 3354 ratio,
655 3287 777 3349 mittere,
797 3287 914 3356 quamvis
934 3286 988 3337 fere
1006 3287 1159 3356 poeticam,

114 3379 137 3420 et
158 3387 214 3440 quae
235 3367 272 3420 ad
296 3367 500 3420 describendum
524 3367 612 3420 addita
658 3365 1164 3439 quamcorrigerecumRmmann.«per

112 3461 184 3515 tunt,
198 3461 230 3500 ut
247 3445 449 3511 deverticulum,
465 3459 491 3498 et
504 3447 613 3500 arundi—
658 3448 784 3517 trajectos
796 3443 917 3495 surculos
928 3445 1030 3514 serpsit,
1042 3467 1053 3490 s
1067 3441 1108 3494 rel
1120 3463 1161 3494 re-

114 3538 212 3594 ustum,
224 3539 254 3582 et
262 3545 351 3598 specus
359 3535 447 3598 eqestoe
457 3543 554 3592 arente,
565 3545 614 3596 pa·
657 3525 715 3597 psit.
725 3523 776 3577 Atii
787 3526 903 3594 rejectos
908 3521 1024 3574 surculos
1031 3525 1161 3591 interpre-

113 3619 182 3658 tatus
194 3606 312 3677 denique
327 3603 501 3657 clandestinus
514 3606 549 3656 ad
564 3604 615 3656 vtt—
659 3617 762 3670 tantur,
782 3606 828 3676 qui
842 3605 949 3672 trajecta
963 3602 1068 3673 paenula
1082 3600 1163 3652 inhae-
1180 3619 1183 3628 ’

117 3682 168 3735 lam
188 3686 326 3751 introitus,
347 3685 484 3749 fecerunt,
506 3698 534 3734 ut
555 3703 615 3736 cum
661 3695 766 3750 serant,
786 3681 828 3733 rel
849 3699 917 3752 quos
939 3679 1086 3749 trajiciebat
1110 3679 1163 3729 sive

117 3762 214 3816 Wolfio
245 3765 391 3834 reciperem
423 3763 616 3814 correctionem
660 3761 800 3824 transibat.
817 3763 937 3812 Incertus
954 3761 1032 3810 etiam
1049 3770 1089 3809 est
1105 3758 1164 3810 Ou-

118 3839 243 3894 Gronorii
257 3854 281 3893 et
293 3841 421 3891 Perizonii
430 3859 554 3893 aversum.
565 3843 618 3904 Ita,
662 3841 741 3894 dend.
753 3839 820 3892 Vide
831 3838 932 3910 Xiphil.

119 3941 149 3974 ex
161 3941 220 3976 mea
234 3924 381 3986 sententia,
395 3921 474 3972 etiam
488 3921 550 3973 Ces.
568 3922 617 3987 82,
702 3936 740 3972 ιο.
755 3920 863 3972 Modica
875 3917 987 3983 culcita,
1000 3928 1049 3967 etc.
1063 3918 1101 3966 Ita
1112 3917 1167 3966 Au-

119 4020 233 4054 aversum
250 4001 370 4054 vulnerat
388 3999 528 4070 legendum
547 4015 618 4068 erat,
664 4011 733 4070 gust.
749 3999 796 4067 73,
813 4009 907 4050 toro...
921 3994 1018 4047 humili
1031 4007 1055 4046 et
1067 3993 1168 4044 modice

120 4099 167 4150 pro
178 4082 323 4134 adoneum.
665 4083 781 4131 instrato.
789 4079 917 4130 -Strato
928 4079 1087 4132 instructum.
1101 4073 1169 4125 Nut-

154 4176 179 4232 7.
200 4157 362 4212 Concedent.
377 4159 517 4210 Burmann.
536 4177 567 4212 ex
582 4158 620 4212 al-
666 4159 707 4212 lus
719 4156 828 4224 dubito,
842 4159 905 4229 quin
917 4154 1057 4226 legendum
1067 4155 1169 4206 sitstra·

117 4251 173 4291 tero
186 4237 254 4291 (iod.
266 4237 340 4292 dedit
351 4257 375 4292 st
387 4239 514 4292 conderet.
668 4249 723 4288 tum
742 4235 909 4307 simpliciter,
930 4232 1060 4286 vocabulo
1076 4235 1171 4285 instru-
