<?xml version="1.0" encoding="UTF-8"?>
<!DOCTYPE html PUBLIC "-//W3C//DTD XHTML 1.0 Transitional//EN"
    "http://www.w3.org/TR/xhtml1/DTD/xhtml1-transitional.dtd">
<html xmlns="http://www.w3.org/1999/xhtml" xml:lang="en" lang="en">
 <head>
  <title>
</title>
<meta http-equiv="Content-Type" content="text/html;charset=utf-8" />
  <meta name='ocr-system' content='tesseract 3.04.00' />
  <meta name='ocr-capabilities' content='ocr_page ocr_carea ocr_par ocr_line ocrx_word'/>
</head>
<body>
  <div class='ocr_page' id='page_1' title='image "./csuetoniitranqu00suetgoog_0506.png"; bbox 0 0 3076 5146; ppageno 0'>
   <div class='ocr_carea' id='block_1_1' title="bbox 395 536 1063 622">
    <p class='ocr_par' dir='ltr' id='par_1_1' title="bbox 395 536 1063 622">
     <span class='ocr_line' id='line_1_1' title="bbox 395 536 1063 622; baseline -0.009 -15"><span class='ocrx_word' id='word_1_1' title='bbox 395 541 458 622; x_wconf 70' lang='lat'>468</span> <span class='ocrx_word' id='word_1_2' title='bbox 770 537 805 602; x_wconf 87' lang='lat' dir='ltr'>o.</span> <span class='ocrx_word' id='word_1_3' title='bbox 830 536 1063 603; x_wconf 78' lang='lat' dir='ltr'>sunuouu</span> 
     </span>
    </p>
   </div>
   <div class='ocr_carea' id='block_1_2' title="bbox 674 796 1158 869">
    <p class='ocr_par' dir='ltr' id='par_1_2' title="bbox 674 796 1158 869">
     <span class='ocr_line' id='line_1_2' title="bbox 674 796 1158 869; baseline -0.008 0"><span class='ocrx_word' id='word_1_4' title='bbox 674 816 722 869; x_wconf 80' lang='lat' dir='ltr'>uu</span> <span class='ocrx_word' id='word_1_5' title='bbox 746 797 800 866; x_wconf 82' lang='lat' dir='ltr'>Ru</span> <span class='ocrx_word' id='word_1_6' title='bbox 824 796 1019 868; x_wconf 72' lang='lat' dir='ltr'>vunnu</span> <span class='ocrx_word' id='word_1_7' title='bbox 1046 814 1158 867; x_wconf 79' lang='lat' dir='ltr'>monn.</span> 
     </span>
    </p>
   </div>
   <div class='ocr_carea' id='block_1_3' title="bbox 643 1003 1184 1088">
    <p class='ocr_par' dir='ltr' id='par_1_3' title="bbox 643 1003 1184 1088">
     <span class='ocr_line' id='line_1_3' title="bbox 643 1003 1184 1088; baseline 0 -14"><span class='ocrx_word' id='word_1_8' title='bbox 643 1003 771 1074; x_wconf 78' lang='lat' dir='ltr'>Servius</span> <span class='ocrx_word' id='word_1_9' title='bbox 790 1006 834 1071; x_wconf 79' lang='lat' dir='ltr'>ad</span> <span class='ocrx_word' id='word_1_10' title='bbox 851 1005 976 1073; x_wconf 80' lang='lat' dir='ltr'>AEnet&#39;d.</span> <span class='ocrx_word' id='word_1_11' title='bbox 999 1005 1083 1088; x_wconf 88' lang='lat' dir='ltr'>VII,</span> <span class='ocrx_word' id='word_1_12' title='bbox 1106 1006 1184 1074; x_wconf 75' lang='lat'>612.</span> 
     </span>
    </p>
   </div>
   <div class='ocr_carea' id='block_1_4' title="bbox 392 1197 1423 1717">
    <p class='ocr_par' dir='ltr' id='par_1_4' title="bbox 392 1197 1423 1717">
     <span class='ocr_line' id='line_1_4' title="bbox 440 1197 1421 1283; baseline 0 -11"><span class='ocrx_word' id='word_1_13' title='bbox 440 1207 618 1272; x_wconf 75' lang='lat' dir='ltr'>Suetonius</span> <span class='ocrx_word' id='word_1_14' title='bbox 636 1205 672 1268; x_wconf 92' lang='lat' dir='ltr'>in</span> <span class='ocrx_word' id='word_1_15' title='bbox 689 1199 775 1268; x_wconf 84' lang='lat' dir='ltr'>libro</span> <span class='ocrx_word' id='word_1_16' title='bbox 792 1197 835 1267; x_wconf 88' lang='lat' dir='ltr'>de</span> <span class='ocrx_word' id='word_1_17' title='bbox 853 1204 983 1269; x_wconf 85' lang='lat' dir='ltr'>Genere</span> <span class='ocrx_word' id='word_1_18' title='bbox 996 1202 1150 1268; x_wconf 87' lang='lat' dir='ltr'>Vestium</span> <span class='ocrx_word' id='word_1_19' title='bbox 1168 1199 1266 1283; x_wconf 82' lang='lat' dir='ltr'>dicit,</span> <span class='ocrx_word' id='word_1_20' title='bbox 1285 1205 1345 1270; x_wconf 79' lang='lat' dir='ltr'>trio</span> <span class='ocrx_word' id='word_1_21' title='bbox 1360 1226 1421 1272; x_wconf 80' lang='lat' dir='ltr'>esse</span> 
     </span>
     <span class='ocr_line' id='line_1_5' title="bbox 393 1312 1422 1412; baseline -0.004 -25"><span class='ocrx_word' id='word_1_22' title='bbox 393 1341 516 1412; x_wconf 74' lang='lat' dir='ltr'>genera</span> <span class='ocrx_word' id='word_1_23' title='bbox 525 1315 717 1384; x_wconf 72' lang='lat' dir='ltr'>trabearum</span> <span class='ocrx_word' id='word_1_24' title='bbox 728 1339 735 1380; x_wconf 92' lang='lat'>:</span> <span class='ocrx_word' id='word_1_25' title='bbox 748 1337 856 1380; x_wconf 89' lang='lat' dir='ltr'>unum</span> <span class='ocrx_word' id='word_1_26' title='bbox 867 1315 937 1380; x_wconf 87' lang='lat' dir='ltr'>Diis</span> <span class='ocrx_word' id='word_1_27' title='bbox 947 1327 1130 1395; x_wconf 84' lang='lat' dir='ltr'>sacratum,</span> <span class='ocrx_word' id='word_1_28' title='bbox 1145 1312 1237 1407; x_wconf 92' lang='lat' dir='ltr'>quod</span> <span class='ocrx_word' id='word_1_29' title='bbox 1246 1329 1296 1382; x_wconf 89' lang='lat' dir='ltr'>est</span> <span class='ocrx_word' id='word_1_30' title='bbox 1306 1331 1422 1383; x_wconf 79' lang='lat' dir='ltr'>tantun</span> 
     </span>
     <span class='ocr_line' id='line_1_6' title="bbox 392 1420 1423 1520; baseline -0.005 -23"><span class='ocrx_word' id='word_1_31' title='bbox 392 1429 435 1497; x_wconf 88' lang='lat' dir='ltr'>de</span> <span class='ocrx_word' id='word_1_32' title='bbox 454 1447 624 1520; x_wconf 86' lang='lat' dir='ltr'>purpura;</span> <span class='ocrx_word' id='word_1_33' title='bbox 644 1421 737 1491; x_wconf 85' lang='lat' dir='ltr'>aliud</span> <span class='ocrx_word' id='word_1_34' title='bbox 757 1445 891 1515; x_wconf 77' lang='lat' dir='ltr'>regum,</span> <span class='ocrx_word' id='word_1_35' title='bbox 910 1420 1002 1516; x_wconf 88' lang='lat' dir='ltr'>quod</span> <span class='ocrx_word' id='word_1_36' title='bbox 1020 1437 1072 1487; x_wconf 85' lang='lat' dir='ltr'>est</span> <span class='ocrx_word' id='word_1_37' title='bbox 1088 1446 1317 1514; x_wconf 84' lang='lat' dir='ltr'>purpureum,</span> <span class='ocrx_word' id='word_1_38' title='bbox 1335 1423 1423 1492; x_wconf 82' lang='lat' dir='ltr'>hnhet</span> 
     </span>
     <span class='ocr_line' id='line_1_7' title="bbox 392 1530 1422 1628; baseline -0.003 -22"><span class='ocrx_word' id='word_1_39' title='bbox 392 1555 505 1607; x_wconf 83' lang='lat' dir='ltr'>tamen</span> <span class='ocrx_word' id='word_1_40' title='bbox 524 1533 640 1604; x_wconf 85' lang='lat' dir='ltr'>elbum</span> <span class='ocrx_word' id='word_1_41' title='bbox 656 1530 803 1628; x_wconf 82' lang='lat' dir='ltr'>uliquid3</span> <span class='ocrx_word' id='word_1_42' title='bbox 822 1537 957 1602; x_wconf 84' lang='lat' dir='ltr'>tertium</span> <span class='ocrx_word' id='word_1_43' title='bbox 975 1532 1154 1623; x_wconf 75' lang='lat' dir='ltr'><strong>augurale,</strong></span> <span class='ocrx_word' id='word_1_44' title='bbox 1174 1534 1216 1603; x_wconf 89' lang='lat' dir='ltr'>de</span> <span class='ocrx_word' id='word_1_45' title='bbox 1236 1559 1380 1628; x_wconf 78' lang='lat' dir='ltr'>purpura</span> <span class='ocrx_word' id='word_1_46' title='bbox 1395 1553 1422 1603; x_wconf 84' lang='lat' dir='ltr'>et</span> 
     </span>
     <span class='ocr_line' id='line_1_8' title="bbox 392 1671 503 1717; baseline -0.027 0"><span class='ocrx_word' id='word_1_47' title='bbox 392 1671 503 1717; x_wconf 92' lang='lat' dir='ltr'>cocco.</span> 
     </span>
    </p>
   </div>
   <div class='ocr_carea' id='block_1_5' title="bbox 583 1872 1243 2177">
    <p class='ocr_par' dir='ltr' id='par_1_5' title="bbox 583 1872 1243 2177">
     <span class='ocr_line' id='line_1_9' title="bbox 675 1872 1153 1943; baseline 0.002 -2"><span class='ocrx_word' id='word_1_48' title='bbox 675 1890 722 1942; x_wconf 80' lang='lat' dir='ltr'>nu</span> <span class='ocrx_word' id='word_1_49' title='bbox 747 1873 864 1942; x_wconf 84' lang='lat' dir='ltr'>Ruuus</span> <span class='ocrx_word' id='word_1_50' title='bbox 890 1872 1014 1943; x_wconf 71' lang='lat' dir='ltr'>Vinus</span> <span class='ocrx_word' id='word_1_51' title='bbox 1040 1889 1153 1942; x_wconf 79' lang='lat' dir='ltr'>nunu.</span> 
     </span>
     <span class='ocr_line' id='line_1_10' title="bbox 583 2079 1243 2177; baseline 0.002 -28"><span class='ocrx_word' id='word_1_52' title='bbox 583 2082 741 2177; x_wconf 78' lang='lat' dir='ltr'>Sosipater</span> <span class='ocrx_word' id='word_1_53' title='bbox 750 2079 929 2164; x_wconf 65' lang='lat' dir='ltr'>Charisius,</span> <span class='ocrx_word' id='word_1_54' title='bbox 944 2080 998 2148; x_wconf 83' lang='lat' dir='ltr'>lib.</span> <span class='ocrx_word' id='word_1_55' title='bbox 1012 2083 1150 2175; x_wconf 59' lang='lat'>1151209.</span> <span class='ocrx_word' id='word_1_56' title='bbox 1164 2105 1243 2150; x_wconf 79' lang='lat'>210.</span> 
     </span>
    </p>
   </div>
   <div class='ocr_carea' id='block_1_6' title="bbox 392 2273 1421 2598">
    <p class='ocr_par' dir='ltr' id='par_1_6' title="bbox 392 2273 1421 2598">
     <span class='ocr_line' id='line_1_11' title="bbox 438 2273 1420 2370; baseline -0.005 -21"><span class='ocrx_word' id='word_1_57' title='bbox 438 2280 616 2350; x_wconf 88' lang='lat' dir='ltr'>Suetonius</span> <span class='ocrx_word' id='word_1_58' title='bbox 634 2274 871 2370; x_wconf 83' lang='lat' dir='ltr'>Tranquillus,</span> <span class='ocrx_word' id='word_1_59' title='bbox 891 2273 935 2342; x_wconf 90' lang='lat' dir='ltr'>de</span> <span class='ocrx_word' id='word_1_60' title='bbox 954 2275 1065 2344; x_wconf 82' lang='lat' dir='ltr'>Rebus</span> <span class='ocrx_word' id='word_1_61' title='bbox 1082 2279 1212 2358; x_wconf 80' lang='lat' dir='ltr'>variis,</span> <span class='ocrx_word' id='word_1_62' title='bbox 1231 2277 1420 2369; x_wconf 77' lang='lat' dir='ltr'>Praepositio</span> 
     </span>
     <span class='ocr_line' id='line_1_12' title="bbox 392 2385 1420 2483; baseline -0.005 -25"><span class='ocrx_word' id='word_1_63' title='bbox 392 2415 469 2474; x_wconf 87' lang='lat' dir='ltr'>nes,</span> <span class='ocrx_word' id='word_1_64' title='bbox 486 2390 611 2483; x_wconf 88' lang='lat' dir='ltr'>iuquit,</span> <span class='ocrx_word' id='word_1_65' title='bbox 628 2409 745 2453; x_wconf 89' lang='lat' dir='ltr'>omues</span> <span class='ocrx_word' id='word_1_66' title='bbox 764 2387 902 2452; x_wconf 91' lang='lat' dir='ltr'>omnino</span> <span class='ocrx_word' id='word_1_67' title='bbox 921 2403 1001 2453; x_wconf 87' lang='lat' dir='ltr'>suut</span> <span class='ocrx_word' id='word_1_68' title='bbox 1016 2389 1141 2454; x_wconf 87' lang='lat' dir='ltr'><strong>Graecae</strong></span> <span class='ocrx_word' id='word_1_69' title='bbox 1158 2385 1420 2479; x_wconf 73' lang='lat' dir='ltr'>duodeviginti,</span> 
     </span>
     <span class='ocr_line' id='line_1_13' title="bbox 392 2499 1421 2598; baseline -0.005 -29"><span class='ocrx_word' id='word_1_70' title='bbox 392 2505 450 2598; x_wconf 84' lang='lat' dir='ltr'>qui</span> <span class='ocrx_word' id='word_1_71' title='bbox 465 2523 628 2568; x_wconf 84' lang='lat' dir='ltr'>numerus</span> <span class='ocrx_word' id='word_1_72' title='bbox 647 2499 734 2565; x_wconf 87' lang='lat' dir='ltr'>inter</span> <span class='ocrx_word' id='word_1_73' title='bbox 749 2519 866 2564; x_wconf 88' lang='lat' dir='ltr'>omnes</span> <span class='ocrx_word' id='word_1_74' title='bbox 885 2499 1017 2565; x_wconf 86' lang='lat' dir='ltr'>criticos</span> <span class='ocrx_word' id='word_1_75' title='bbox 1033 2500 1276 2565; x_wconf 81' lang='lat' dir='ltr'>Grammaticos</span> <span class='ocrx_word' id='word_1_76' title='bbox 1293 2499 1421 2592; x_wconf 77' lang='lat' dir='ltr'><strong>perfecte</strong></span> 
     </span>
    </p>
   </div>
   <div class='ocr_carea' id='block_1_7' title="bbox 254 2607 1420 2706">
    <p class='ocr_par' dir='ltr' id='par_1_7' title="bbox 254 2607 1420 2706">
     <span class='ocr_line' id='line_1_14' title="bbox 254 2607 1420 2706; baseline 0.011 -38"><span class='ocrx_word' id='word_1_77' title='bbox 254 2663 258 2668; x_wconf 87' lang='lat'><em>.</em></span> <span class='ocrx_word' id='word_1_78' title='bbox 367 2617 370 2624; x_wconf 89' lang='lat'>&#39;</span> <span class='ocrx_word' id='word_1_79' title='bbox 391 2615 557 2682; x_wconf 83' lang='lat' dir='ltr'>convenit.</span> <span class='ocrx_word' id='word_1_80' title='bbox 575 2617 712 2679; x_wconf 80' lang='lat' dir='ltr'>Nostros</span> <span class='ocrx_word' id='word_1_81' title='bbox 723 2633 804 2676; x_wconf 86' lang='lat' dir='ltr'>vero</span> <span class='ocrx_word' id='word_1_82' title='bbox 815 2633 889 2676; x_wconf 87' lang='lat' dir='ltr'>esse</span> <span class='ocrx_word' id='word_1_83' title='bbox 905 2607 982 2690; x_wconf 84' lang='lat' dir='ltr'>has,</span> <span class='ocrx_word' id='word_1_84' title='bbox 998 2610 1055 2690; x_wconf 86' lang='lat' dir='ltr'>ab,</span> <span class='ocrx_word' id='word_1_85' title='bbox 1069 2611 1126 2692; x_wconf 85' lang='lat' dir='ltr'>ad,</span> <span class='ocrx_word' id='word_1_86' title='bbox 1137 2624 1259 2704; x_wconf 71' lang='lat' dir='ltr'>proter,</span> <span class='ocrx_word' id='word_1_87' title='bbox 1270 2637 1342 2705; x_wconf 85' lang='lat' dir='ltr'>pro,</span> <span class='ocrx_word' id='word_1_88' title='bbox 1352 2635 1420 2706; x_wconf 67' lang='grc' dir='ltr'>ραι,</span> 
     </span>
    </p>
   </div>
   <div class='ocr_carea' id='block_1_8' title="bbox 393 2720 844 2814">
    <p class='ocr_par' dir='ltr' id='par_1_8' title="bbox 393 2720 844 2814">
     <span class='ocr_line' id='line_1_15' title="bbox 393 2720 844 2814; baseline -0.009 -24"><span class='ocrx_word' id='word_1_89' title='bbox 393 2729 443 2806; x_wconf 86' lang='lat' dir='ltr'>in,</span> <span class='ocrx_word' id='word_1_90' title='bbox 458 2747 513 2806; x_wconf 79' lang='lat' dir='ltr'>ex,</span> <span class='ocrx_word' id='word_1_91' title='bbox 525 2721 600 2802; x_wconf 80' lang='lat' dir='ltr'>sub,</span> <span class='ocrx_word' id='word_1_92' title='bbox 614 2744 716 2814; x_wconf 84' lang='lat' dir='ltr'>super,</span> <span class='ocrx_word' id='word_1_93' title='bbox 731 2720 844 2786; x_wconf 66' lang='lat' dir='ltr'>snbter.</span> 
     </span>
    </p>
   </div>
   <div class='ocr_carea' id='block_1_9' title="bbox 700 2947 1127 3043">
    <p class='ocr_par' dir='ltr' id='par_1_9' title="bbox 700 2947 1127 3043">
     <span class='ocr_line' id='line_1_16' title="bbox 700 2947 1127 3043; baseline 0.002 -28"><span class='ocrx_word' id='word_1_94' title='bbox 700 2949 802 3036; x_wconf 71' lang='lat' dir='ltr'>Idem,</span> <span class='ocrx_word' id='word_1_95' title='bbox 820 2947 874 3015; x_wconf 83' lang='lat' dir='ltr'>lib.</span> <span class='ocrx_word' id='word_1_96' title='bbox 892 2951 943 3032; x_wconf 87' lang='lat' dir='ltr'>II,</span> <span class='ocrx_word' id='word_1_97' title='bbox 955 2973 1030 3043; x_wconf 75' lang='lat' dir='ltr'><em>paq.</em></span> <span class='ocrx_word' id='word_1_98' title='bbox 1052 2947 1127 3040; x_wconf 82' lang='lat'><strong>175.</strong></span> 
     </span>
    </p>
   </div>
   <div class='ocr_carea' id='block_1_10' title="bbox 393 3121 1517 3459">
    <p class='ocr_par' dir='ltr' id='par_1_10' title="bbox 393 3121 1517 3459">
     <span class='ocr_line' id='line_1_17' title="bbox 438 3121 1517 3237; baseline -0.008 -19"><span class='ocrx_word' id='word_1_99' title='bbox 438 3150 616 3218; x_wconf 81' lang='lat' dir='ltr'>Suetonius</span> <span class='ocrx_word' id='word_1_100' title='bbox 630 3121 850 3237; x_wconf 84' lang='lat' dir='ltr'>Tranquillus</span> <span class='ocrx_word' id='word_1_101' title='bbox 865 3143 1092 3211; x_wconf 83' lang='lat' dir='ltr'>Praeverbium</span> <span class='ocrx_word' id='word_1_102' title='bbox 1108 3162 1206 3236; x_wconf 80' lang='lat' dir='ltr'>putet</span> <span class='ocrx_word' id='word_1_103' title='bbox 1219 3143 1285 3214; x_wconf 89' lang='lat' dir='ltr'>dici</span> <span class='ocrx_word' id='word_1_104' title='bbox 1298 3143 1421 3224; x_wconf 83' lang='lat' dir='ltr'>debere,</span> <span class='ocrx_word' id='word_1_105' title='bbox 1515 3161 1517 3230; x_wconf 44' lang='grc' dir='ltr'>ᾗ</span> 
     </span>
     <span class='ocr_line' id='line_1_18' title="bbox 394 3253 1516 3356; baseline -0.007 -29"><span class='ocrx_word' id='word_1_106' title='bbox 394 3257 484 3356; x_wconf 92' lang='lat' dir='ltr'>quod</span> <span class='ocrx_word' id='word_1_107' title='bbox 499 3275 592 3340; x_wconf 83' lang='lat' dir='ltr'>ante,</span> <span class='ocrx_word' id='word_1_108' title='bbox 607 3253 660 3324; x_wconf 90' lang='lat' dir='ltr'>vel</span> <span class='ocrx_word' id='word_1_109' title='bbox 674 3253 890 3338; x_wconf 84' lang='lat' dir='ltr'>adverbium,</span> <span class='ocrx_word' id='word_1_110' title='bbox 908 3253 1000 3349; x_wconf 91' lang='lat' dir='ltr'>quod</span> <span class='ocrx_word' id='word_1_111' title='bbox 1014 3273 1093 3348; x_wconf 83' lang='lat' dir='ltr'>post</span> <span class='ocrx_word' id='word_1_112' title='bbox 1104 3256 1247 3325; x_wconf 82' lang='lat' dir='ltr'>verbnm</span> <span class='ocrx_word' id='word_1_113' title='bbox 1260 3255 1423 3350; x_wconf 82' lang='lat' dir='ltr'>appellatio</span> <span class='ocrx_word' id='word_1_114' title='bbox 1514 3301 1516 3337; x_wconf 71' lang='lat'>,</span> 
     </span>
     <span class='ocr_line' id='line_1_19' title="bbox 393 3356 1516 3459; baseline -0.021 -21"><span class='ocrx_word' id='word_1_115' title='bbox 393 3373 494 3438; x_wconf 83' lang='lat' dir='ltr'>etiam</span> <span class='ocrx_word' id='word_1_116' title='bbox 504 3387 696 3459; x_wconf 88' lang='lat' dir='ltr'>nomenque</span> <span class='ocrx_word' id='word_1_117' title='bbox 708 3379 864 3457; x_wconf 87' lang='lat' dir='ltr'>ponatur.</span> <span class='ocrx_word' id='word_1_118' title='bbox 1515 3356 1516 3366; x_wconf 76' lang='grc'>’</span> 
     </span>
    </p>
   </div>
   <div class='ocr_carea' id='block_1_11' title="bbox 647 3600 1137 3673">
    <p class='ocr_par' dir='ltr' id='par_1_11' title="bbox 647 3600 1137 3673">
     <span class='ocr_line' id='line_1_20' title="bbox 647 3600 1137 3673; baseline 0.008 -5"><span class='ocrx_word' id='word_1_119' title='bbox 647 3661 651 3668; x_wconf 91' lang='grc'>.</span> <span class='ocrx_word' id='word_1_120' title='bbox 692 3617 739 3669; x_wconf 87' lang='lat' dir='ltr'>nn</span> <span class='ocrx_word' id='word_1_121' title='bbox 766 3600 923 3670; x_wconf 80' lang='lat' dir='ltr'>Vocuus</span> <span class='ocrx_word' id='word_1_122' title='bbox 949 3600 1137 3673; x_wconf 80' lang='lat' dir='ltr'>Ouiuosu.</span> 
     </span>
    </p>
   </div>
   <div class='ocr_carea' id='block_1_12' title="bbox 662 3779 1295 3881">
    <p class='ocr_par' dir='ltr' id='par_1_12' title="bbox 662 3779 1295 3881">
     <span class='ocr_line' id='line_1_21' title="bbox 662 3779 1295 3881; baseline 0.016 -18"><span class='ocrx_word' id='word_1_123' title='bbox 662 3796 787 3865; x_wconf 67' lang='lat' dir='ltr'>emtus</span> <span class='ocrx_word' id='word_1_124' title='bbox 807 3800 849 3864; x_wconf 72' lang='lat' dir='ltr'>au</span> <span class='ocrx_word' id='word_1_125' title='bbox 869 3801 992 3867; x_wconf 71' lang='lat' dir='ltr'>nnete.</span> <span class='ocrx_word' id='word_1_126' title='bbox 1014 3803 1168 3881; x_wconf 68' lang='lat' dir='ltr'>utu.</span> <span class='ocrx_word' id='word_1_127' title='bbox 1290 3779 1295 3792; x_wconf 86' lang='lat'>&#39;</span> 
     </span>
    </p>
   </div>
   <div class='ocr_carea' id='block_1_13' title="bbox 316 3993 1426 4310">
    <p class='ocr_par' dir='ltr' id='par_1_13' title="bbox 316 3993 1426 4310">
     <span class='ocr_line' id='line_1_22' title="bbox 316 3993 1424 4092; baseline -0.005 -26"><span class='ocrx_word' id='word_1_128' title='bbox 316 4073 319 4078; x_wconf 61' lang='grc'>,</span> <span class='ocrx_word' id='word_1_129' title='bbox 408 4023 412 4030; x_wconf 95' lang='grc'><strong><em>·</em></strong></span> <span class='ocrx_word' id='word_1_130' title='bbox 439 3995 616 4074; x_wconf 84' lang='lat' dir='ltr'>Suetonius</span> <span class='ocrx_word' id='word_1_131' title='bbox 631 3994 695 4058; x_wconf 81' lang='lat' dir='ltr'>tria</span> <span class='ocrx_word' id='word_1_132' title='bbox 710 4013 832 4084; x_wconf 76' lang='lat' dir='ltr'>genere</span> <span class='ocrx_word' id='word_1_133' title='bbox 846 3993 1011 4085; x_wconf 80' lang='lat' dir='ltr'>pileorum</span> <span class='ocrx_word' id='word_1_134' title='bbox 1024 3995 1125 4078; x_wconf 82' lang='lat' dir='ltr'>dixit,</span> <span class='ocrx_word' id='word_1_135' title='bbox 1143 3996 1268 4092; x_wconf 86' lang='lat' dir='ltr'>quibus</span> <span class='ocrx_word' id='word_1_136' title='bbox 1285 3995 1424 4065; x_wconf 73' lang='lat' dir='ltr'>sacerdo·</span> 
     </span>
     <span class='ocr_line' id='line_1_23' title="bbox 394 4101 1426 4200; baseline -0.003 -27"><span class='ocrx_word' id='word_1_137' title='bbox 394 4119 444 4175; x_wconf 87' lang='lat' dir='ltr'>te&#39;s</span> <span class='ocrx_word' id='word_1_138' title='bbox 455 4119 610 4185; x_wconf 82' lang='lat' dir='ltr'>utuntur,</span> <span class='ocrx_word' id='word_1_139' title='bbox 622 4105 755 4196; x_wconf 79' lang='lat' dir='ltr'>apicem,</span> <span class='ocrx_word' id='word_1_140' title='bbox 770 4101 924 4184; x_wconf 79' lang='lat' dir='ltr'>tutulum,</span> <span class='ocrx_word' id='word_1_141' title='bbox 934 4105 1093 4196; x_wconf 74' lang='lat' dir='ltr'>quierum:</span> <span class='ocrx_word' id='word_1_142' title='bbox 1109 4105 1171 4173; x_wconf 85' lang='lat' dir='ltr'>sed</span> <span class='ocrx_word' id='word_1_143' title='bbox 1181 4110 1300 4200; x_wconf 77' lang='lat' dir='ltr'>apioem</span> <span class='ocrx_word' id='word_1_144' title='bbox 1313 4103 1426 4199; x_wconf 85' lang='lat' dir='ltr'>pileum</span> 
     </span>
     <span class='ocr_line' id='line_1_24' title="bbox 395 4211 1426 4310; baseline 0.002 -29"><span class='ocrx_word' id='word_1_145' title='bbox 395 4215 508 4299; x_wconf 88' lang='lat' dir='ltr'>sutile,</span> <span class='ocrx_word' id='word_1_146' title='bbox 530 4217 618 4282; x_wconf 78' lang='lat' dir='ltr'>eitun</span> <span class='ocrx_word' id='word_1_147' title='bbox 637 4211 787 4300; x_wconf 77' lang='lat' dir='ltr'>medium</span> <span class='ocrx_word' id='word_1_148' title='bbox 808 4215 904 4305; x_wconf 74' lang='lat' dir='ltr'>virga</span> <span class='ocrx_word' id='word_1_149' title='bbox 924 4216 1109 4300; x_wconf 79' lang='lat' dir='ltr'>eminente3</span> <span class='ocrx_word' id='word_1_150' title='bbox 1131 4217 1291 4301; x_wconf 80' lang='lat' dir='ltr'>tutulwu,</span> <span class='ocrx_word' id='word_1_151' title='bbox 1312 4212 1426 4310; x_wconf 83' lang='lat' dir='ltr'>pileum</span> 
     </span>
    </p>
   </div>
   <div class='ocr_carea' id='block_1_14' title="bbox 0 0 1550 5146">
    <p class='ocr_par' dir='ltr' id='par_1_14' title="bbox 0 0 1550 5146">
     <span class='ocr_line' id='line_1_25' title="bbox 0 0 1550 5146; baseline 0 0"><span class='ocrx_word' id='word_1_152' title='bbox 0 0 1550 5146; x_wconf 95' lang='lat' dir='ltr'> </span> 
     </span>
    </p>
   </div>
  </div>
 </body>
</html>
