3076 5146
298 740 561 860 roem
603 741 976 866 rentum

227 1016 385 1103 ΛΕΜ
424 979 1038 1108 olurquutm‘Nsls

540 1234 721 1330 VITA.

499 1519 766 1543 *-

104 1831 133 1894 1.
165 1785 327 1896 Poenius
344 1832 530 1896 Tenturtus
551 1827 646 1910 Afer,
665 1825 866 1918 Carthagine
884 1845 1000 1913 natus,
1022 1833 1158 1900 servivit

102 1941 222 2005 Romae
238 1942 396 2007 Terentio
414 1943 552 2006 Lucano
569 1937 736 2007 Senatori:
756 1961 777 2003 a
794 1961 861 2032 quo
875 1937 919 2006 ob
934 1941 1107 2031 ingenium
1123 1957 1157 2010 et

102 2044 250 2114 formam
271 2073 340 2116 non
360 2051 532 2117 institutus
553 2045 655 2115 modo
676 2044 871 2128 liberaliter,
897 2046 956 2116 sed
977 2065 1010 2116 et
1026 2068 1157 2120 mature

98 2160 333 2226 manumissus
348 2175 412 2227 est.
431 2159 577 2246 Quidam
596 2173 732 2251 captum
749 2181 822 2226 esse
840 2161 1046 2228 existimant:
1065 2163 1156 2260 quod

102 2265 178 2334 lieri
193 2267 289 2336 nullo
304 2269 406 2338 modo
422 2273 591 2363 potuisse,
610 2267 797 2337 Fenestella
815 2267 928 2350 docet3
946 2295 1053 2364 quum
1068 2275 1157 2342 inter

102 2378 209 2448 finem
228 2378 365 2448 secundi
385 2380 465 2449 belli
486 2383 620 2462 Punici,
640 2397 674 2448 et
692 2381 824 2446 initium
842 2381 930 2447 tertii
946 2401 1045 2451 natus
1065 2387 1108 2451 sit
1123 2402 1158 2452 et

101 2506 275 2574 mortuus,
287 2516 364 2576 nec,
380 2495 408 2559 si
423 2517 443 2558 a
456 2490 610 2559 Numidis
623 2507 684 2559 aut
694 2489 823 2558 Getulis
835 2507 955 2583 eaptus
967 2495 1027 2576 sit,
1039 2492 1082 2561 ad
1095 2494 1156 2563 du·

101 2623 178 2668 cem
185 2607 376 2671 Romanum
383 2606 559 2696 pervenire
567 2599 852 2696 potuisset,nullo
860 2597 1155 2674 commerciointer

102 2711 238 2782 Italicos
256 2731 289 2781 et
302 2715 414 2799 Afros,
432 2717 496 2783 nisi
510 2731 588 2809 post
601 2712 747 2782 deletam
762 2712 1014 2805 Carthaginem,
1032 2733 1152 2809 coepto.

103 2824 168 2889 Hic
184 2847 263 2891 cum
278 2825 394 2894 multis
410 2825 579 2893 nobilibus
596 2822 804 2891 familiariter
818 2825 915 2906 vixit,
934 2822 993 2891 sed
1009 2827 1155 2894 maxime

101 2954 183 3000 curn
192 2938 346 3027 Scipione
359 2935 514 3004 Africano
526 2953 560 3003 et
570 2940 606 3002 G.
619 2933 742 3016 Laelio,
755 2932 879 3026 quibus
892 2936 993 3002 etiem
1002 2938 1153 3027 corporis

101 3047 211 3137 gratia
224 3043 421 3114 conciliatus
437 3048 663 3124 existimatur,
679 3041 771 3138 quod
787 3057 822 3110 et
837 3045 948 3134 ipsum
966 3043 1154 3113 Fenestella

100 3158 229 3248 arguit,
243 3157 466 3240 contendens,
477 3172 621 3250 utroque
633 3151 797 3246 majorem
808 3167 892 3218 natu
903 3152 1026 3236 fuisse3
1039 3177 1153 3248 quam·

102 3271 154 3335 vis
171 3285 206 3335 et
221 3268 396 3336 Cornelius
417 3274 529 3362 Nepos
545 3264 691 3360 aequales
710 3285 829 3332 omnes
849 3263 952 3331 fuisse
970 3263 1096 3348 tradat,
1119 3281 1153 3334 et

102 3381 240 3448 Porcius
257 3383 485 3473 suspicionem
500 3377 542 3446 de
558 3375 801 3446 consuetudine
819 3399 880 3468 per
896 3375 969 3444 haec
985 3375 1103 3445 faciat:

100 3525 187 3586 Dum
198 3525 372 3586 lasciviam¹
386 3524 558 3599 nobilium,
571 3535 601 3584 et
613 3521 733 3584 fucosae
744 3519 851 3582 laudes
862 3521 954 3603 petit:

100 3833 191 3869 versus
203 3814 318 3868 wolfius
330 3819 366 3867 ita
377 3815 496 3868 refinxit:

100 3920 154 3962 oum
161 3913 264 3992 leseiviain
272 3919 373 3962 nobilium
379 3927 401 3962 et
408 3917 478 3961 uude
484 3919 563 3960 tuum
570 3931 603 3975 pe·
648 3916 694 3959 Suis
701 3915 775 3958 uhtu
781 3915 873 3958 rebusad
881 3928 982 3957 mmmm
991 3915 1080 3969 inoptam
1090 3911 1150 3955 reda-

168 3989 204 4024 ut:
715 3987 760 4020 otus
769 3987 806 4020 ut.

101 4041 154 4086 Dum
167 4043 256 4087 tffiunt
270 4057 341 4086 vocent
353 4042 445 4086 divinam
458 4042 524 4084 inhiet
539 4041 604 4084 nidis
648 4043 718 4098 ltaque
734 4055 745 4080 e
758 4047 868 4096 eonspectu
882 4037 975 4080 omnium
987 4035 1039 4078 ubiit
1052 4035 1148 4079 omum

167 4120 179 4147 ι
206 4105 226 4147 'b
717 4096 999 4160 (anGroectoetMnumm
1008 4097 1115 4140 ultimum:

102 4167 154 4209 bum
166 4119 320 4210 :ilduinum
331 4176 411 4210 ooentre
421 4174 443 4206 et
452 4163 543 4214 hlium,
556 4162 602 4218 pul·
647 4164 740 4206 Mortuus
752 4173 783 4206 eet
796 4164 817 4204 in
831 4159 951 4217 Stymplulo
963 4156 1051 4200 tre-dte
1061 4161 1148 4218 oppido;

167 4231 239 4272 eluunt
251 4239 321 4286 putet:
715 4222 743 4264 ull
753 4220 836 4265 Publius
