3068 5144
402 593 468 682 378
686 594 721 656 C.
748 593 982 658 SUETONll
1007 594 1162 659 TITUS.

400 721 540 788 mestico
549 717 643 788 luctu
655 719 874 791 merentibus
885 719 1020 813 publice
1031 722 1439 811 cunctis,Senatus‚prius

399 853 503 925 quam
521 828 629 898 edicto
648 825 922 912 convocaretur³‚
942 827 985 897 ad
1000 833 1135 897 Curiam
1152 833 1338 912 concurrit,
1356 829 1439 897 obse-

399 945 547 1036 ratisque
563 941 677 1011 adhuc
696 943 860 1026 foribus43
880 941 1002 1010 deiude
1024 945 1166 1035 apertis,
1188 957 1298 1010 tantus
1316 957 1438 1009 mortuo

398 1054 520 1144 gratias
537 1037 619 1144 egit,
639 1051 825 1148 laudesque
841 1053 1047 1144 congessit⁵,
1065 1069 1209 1148 quamm
1225 1077 1269 1121 nc
1284 1055 1360 1120 vivo
1377 1056 1438 1148 qui-

398 1161 476 1231 dem
488 1184 641 1259 unquam
652 1182 755 1259 atque
766 1165 936 1258 praesenti.

397 1382 571 1457 quadruplata
584 1401 675 1437 uuum.
691 1383 790 1457 Xiphil.
804 1383 899 1450 LXVI,
945 1385 1025 1448 llaec,
1046 1395 1146 1434 mutata
1159 1375 1386 1452 interpunctione,
1398 1399 1434 1434 rn-

402 1464 447 1528 18‚
462 1465 567 1536 imperii
584 1477 689 1537 tempus
703 1465 784 1518 modo
799 1483 901 1516 memo·
944 1463 1096 1536 perioribus
1111 1463 1274 1531 addidimus,
1294 1482 1347 1534 quo
1363 1465 1435 1535 perti·

398 1538 900 1613 ratumaccessiseedicitirricuirpur‘·
945 1541 1435 1616 uent,qun1ninomnibuseditt„inter·
1507 1591 1508 1616 ,

396 1641 468 1676 sorra
481 1623 557 1684 lmen,
573 1620 613 1676 sel
625 1622 684 1690 μισὶ
695 1620 777 1686 rim,
792 1620 833 1674 aa}
845 1619 901 1688 ripi-
945 1635 1076 1694 punctum
1089 1623 1248 1675 invenissem
1264 1638 1325 1696 post
1338 1641 1434 1676 concur·

396 1723 446 1772 pass
461 1702 531 1758 rim
545 1701 587 1757 sai
604 1702 689 1771 rimer,
703 1723 785 1776 quarn
798 1715 900 1756 etatem
945 1702 987 1756 rit.
1001 1703 1127 1756 Obreratoe
1138 1717 1213 1755 erant
1218 1702 1293 1774 fores
1297 1741 1307 1770 ‚
1322 1705 1432 1775 quoniam

282 1823 285 1828 ,
396 1781 523 1848 haberet,
540 1801 623 1854 quum
635 1796 786 1855 capesseret
796 1801 901 1855 rempn·
945 1796 1117 1838 nocteetante
1125 1784 1240 1837 edictum
1249 1787 1432 1856 magistratuum

396 1860 508 1925 blicam
518 1863 624 1935 itaque,
634 1863 715 1917 altero
725 1862 901 1937 etquadroqc·
945 1863 981 1914 ad
995 1862 1100 1915 Curiam
1118 1878 1319 1916 concurrerant.
1335 1865 1432 1935 Eutrop.

395 1941 460 1991 simo
470 1941 794 2008 vitoeancoeumobiisre,
808 1944 900 2013 etipse
945 1942 963 1994 Ι.
981 1959 1005 1994 c.
1026 1941 1173 2010 auersatus,
1189 1942 1265 1994 obitu
1281 1944 1362 2015 ipsius
1374 1945 1433 1995 cirea

395 2020 536 2093 significat.
548 2023 609 2075 Non
622 2025 747 2076 convenit
756 2037 845 2077 nutem
856 2022 900 2075 lric
944 2037 1082 2092 vesperam
1101 2023 1244 2088 nunciato,
1261 2033 1336 2074 nocte
1352 2022 1433 2093 irrupit

395 2119 522 2155 numerus
532 2120 593 2154 cum
605 2102 649 2154 die
663 2103 759 2168 natali,
772 2123 786 2156 a
801 2106 900 2156 Nostro
946 2099 973 2150 in
982 2100 1101 2167 Curiam,
1109 2113 1136 2152 et
1145 2113 1232 2154 tuntas
1243 2103 1377 2154 eimortno
1385 2102 1433 2154 lan-

395 2198 418 2231 c.
429 2179 557 2247 rtredito,
567 2197 646 2252 quern
653 2181 734 2234 fuisse
741 2179 855 2234 vidimus
866 2180 900 2234 30
945 2179 992 2234 des
1005 2183 1158 2253 gratiasque
1169 2183 1318 2252 congessit,
1333 2194 1432 2253 quantas

395 2257 535 2310 Decembr.
555 2277 617 2311 snn.
639 2260 700 2330 794.
721 2258 749 2311 si
767 2261 837 2312 enim
855 2259 899 2313 ille
943 2279 994 2314 nse
1004 2263 1064 2313 vivo
1075 2279 1194 2332 nuquam
1205 2275 1308 2333 eperat,
1322 2281 1369 2315 nec
1380 2280 1434 2334 pre·

394 2358 489 2404 verns,
503 2340 538 2392 de
559 2358 613 2411 qno
632 2359 687 2393 non
706 2341 898 2409 dubitandum,
944 2340 1021 2391 senti.
1035 2342 1200 2394 lnterDivos
1213 2341 1313 2394 relatus
1326 2355 1390 2393 est·

395 2419 475 2470 etiam
488 2419 712 2494 quadmpesimam
731 2441 830 2473 annum
844 2440 899 2474 non
980 2417 1005 2470 5.
1026 2419 1152 2474 Tantas...
1162 2421 1261 2495 pretias
1272 2422 1336 2497 epit,
1350 2417 1433 2474 laide

394 2494 527 2567 implevit,
542 2510 622 2569 atque
638 2499 678 2551 ita
690 2502 791 2566 Victor,
807 2499 899 2572 quide
942 2515 995 2572 qut
1014 2501 1146 2572 eoeperit.
1165 2503 1204 2552 lta
1224 2503 1331 2552 Momm.
1349 2499 1433 2572 aliique

394 2575 543 2628 Cesaribus
562 2577 675 2648 scripsit.
694 2580 800 2631 Novum
819 2581 899 2650 igitur
942 2575 1019 2644 libri,
1030 2595 1096 2648 quos
1107 2578 1329 2634 laudntOudend.
1340 2593 1364 2632 et
1372 2580 1432 2630 lavet

394 2654 502 2706 incuriae
523 2654 643 2706 Suetonii
665 2658 692 2707 in
713 2657 898 2728 computandis
943 2656 1094 2728 Eutropius.
1114 2657 1156 2709 Al.
1180 2661 1298 2730 agrarias
1316 2660 1367 2731 egit
1382 2657 1431 2709 lau·

394 2731 453 2784 vitre
463 2733 765 2805 annisexemplumcum
773 2735 897 2788 Reimaro
943 2733 1055 2805 desque,
1069 2749 1179 2808 quantas
1191 2739 1327 2807 congessit
1340 2755 1372 2789 ne
1381 2737 1430 2787 viro

394 2818 527 2878 agnosco,
541 2809 624 2884 idque
634 2813 736 2884 ipsum,
752 2807 825 2884 qnod
837 2834 898 2886 pro·
944 2813 1068 2885 quidem,
1083 2829 1156 2868 etc.»
1170 2817 1324 2889 ,Iunguntur
1337 2815 1429 2888 quidem

392 2891 480 2962 prium
493 2887 545 2943 linc
557 2890 662 2945 videtur
673 2894 796 2964 scriptori
808 2891 859 2946 hac
870 2897 897 2947 in
942 2911 991 2965 per
1009 2913 1134 2966 zeugma,
1150 2893 1223 2969 quod
1236 2897 1343 2962 dicitur,
1357 2895 1432 2950 landes

394 2988 422 3021 re
441 2969 551 3036 vitium,
570 2969 695 3042 prohibet
714 2991 755 3024 me
774 2991 789 3024 a
808 2976 898 3025 conci·
943 2984 968 3025 et
982 2974 1080 3049 pretias
1097 2995 1173 3049 apere
1191 2975 1359 3048 (simpliciter
1371 2975 1428 3026 enim

392 3048 474 3100 liandi
488 3050 627 3121 periculis,
642 3050 766 3124 qualibus
781 3049 847 3105 favit
862 3052 897 3106 ad
942 3050 1032 3104 laudes
1049 3073 1124 3127 apere
1138 3074 1216 3108 nemo
1231 3056 1339 3121 dixerit,
1355 3069 1428 3125 neque

393 3123 420 3178 h.
433 3127 451 3179 l.
463 3129 679 3202 Oudendorpius.
941 3133 1058 3186 Gronov.
1073 3136 1190 3188 ostendit
1206 3137 1332 3209 exemplis
1348 3135 1379 3188 ad
1392 3134 1428 3186 li·

428 3203 453 3256 3.
469 3208 590 3275 Senatus,
603 3210 674 3281 prius
684 3228 792 3281 quom...
804 3229 897 3265 convo·
941 3214 1025 3279 viurn,
1041 3215 1138 3282 XXVI,
1154 3213 1203 3283 48,
1213 3214 1342 3280 collectis,
1352 3227 1379 3264 ut
1389 3213 1428 3264 u·

392 3295 504 3354 caretur,
517 3299 567 3339 etc.
581 3300 611 3339 ut
626 3301 688 3357 post
704 3301 817 3341 mortem
828 3291 895 3343 Ger·
940 3293 1028 3343 nestio
1040 3293 1173 3364 videtur),
1187 3291 1233 3346 sed
1250 3297 1334 3365 major
1349 3291 1387 3343 hio
1399 3288 1427 3340 li-

394 3365 499 3415 manici.
512 3365 552 3416 Cf.
567 3366 652 3418 Tacit.
664 3368 761 3420 Annal.
774 3367 811 3434 ll,
825 3370 867 3422 82.
909 3437 911 3440 Ι
939 3369 1049 3422 brorum
1069 3373 1213 3425 auctoritas
1232 3385 1259 3424 et
1276 3371 1428 3425 concinnitas

364 3453 365 3456 ’
428 3442 453 3508 4.
480 3443 655 3516 Obseratisque
677 3445 763 3500 adhuc
782 3445 893 3518 scribtu-
940 3451 1076 3502 orationis.
