3048 5142
380 546 446 612 288
752 541 789 606 G.
815 537 1048 608 SUETONll

378 671 516 741 insidias
528 667 667 765 quidam
678 669 855 760 suspicati,
868 655 1053 734 tumultum
1065 669 1315 734 excitaverunt:
1328 689 1370 734 ac
1381 691 1428 736 re

377 798 479 878 pente
490 803 623 863 omnes,
634 778 730 846 nullo
741 794 833 846 certo
844 777 945 860 duce,
959 779 994 843 in
1006 775 1170 846 Palatium
1181 795 1425 860 cucurrerunt,

377 893 504 961 caedem
515 893 655 960 Senatus
666 887 856 981 flagitantes
867 913 874 955 :
885 885 1097 982 repulsisque
1106 888 1352 970 Tribunorum,
1365 893 1426 983 qui

377 1003 529 1072 inhibere
547 998 746 1081 tentabant,
769 995 943 1066 nonnullis
965 1014 998 1065 et
1018 1001 1136 1066 occisis
1150 1015 1188 1081 7,
1215 1002 1303 1067 sicut
1326 1017 1427 1068 erant

377 1115 524 1195 cruenti,
537 1110 679 1179 ubinam
696 1115 884 1201 Imperator
899 1122 1005 1190 esset,
1021 1110 1244 1203 requirentes,
1260 1131 1427 1202 perrupe-

377 1239 458 1292 runt
467 1225 504 1290 in
515 1218 699 1289 triclinium
709 1240 833 1312 usque,
844 1240 907 1285 nec
914 1219 981 1284 nisi
992 1221 1065 1286 viso
1075 1219 1279 1287 destiterunt
1284 1217 1308 1284 ⁸.
1320 1223 1429 1310 Expe,

376 1333 537 1402 ditionem
553 1329 818 1422 autem‘impigre
830 1342 932 1420 atque
944 1330 1044 1397 etiam
1060 1349 1277 1421 praepropere
1290 1327 1427 1396 'urchoa

363 1447 439 1528 ¹'vit‚
460 1441 574 1524 nulla,
596 1465 639 1508 ne
659 1439 861 1532 religionum
882 1437 1040 1532 quidem,
1063 1462 1161 1523 cura,
1185 1436 1246 1506 sed
1267 1455 1301 1506 et
1321 1439 1424 1507 motis

375 1705 517 1758 viventium
540 1701 578 1755 ibi
597 1704 742 1776 primorum
765 1703 876 1754 civitatis
920 1701 1033 1754 efficitur
1053 1721 1158 1770 sensus,
1182 1703 1259 1772 quasi
1280 1716 1353 1752 nunc
1376 1699 1425 1752 de-

375 1781 445 1836 cede
456 1783 499 1834 rix
510 1779 612 1852 abipso
622 1779 729 1835 Othone
738 1782 874 1832 retinetur.
920 1800 993 1834 mum
1007 1782 1110 1838 Ostiam
1128 1780 1227 1833 cohors
1244 1778 1425 1847 descenderit,

374 1863 472 1914 Omnia
487 1878 519 1914 sa
536 1878 597 1912 cum
614 1859 742 1913 Suetonio
760 1875 875 1910 consen·
920 1878 978 1933 quse
988 1875 1083 1915 contra
1093 1860 1156 1914 inde
1167 1858 1355 1912 revocabatur.
1374 1857 1426 1911 Ce-

374 1943 459 2003 tiunt,
479 1939 530 1992 uisi
542 1936 615 2014 quod
627 1938 734 1990 navibsss
746 1955 795 2009 per
806 1935 874 1990 clas·
920 1952 1020 2008 terum,
1039 1959 1119 2012 quam
1137 1937 1257 1992 infelices
1276 1939 1380 1990 fuerint
1398 1939 1427 1989 iu

373 2019 462 2072 siurios
468 2015 506 2088 (h
515 2035 538 2068 e.
546 2014 748 2086 remiges,classi
755 2015 875 2076 Ostiensi
919 2017 1077 2089 explicanda
1090 2017 1141 2070 hac
1150 2017 1261 2070 historie
1271 2017 1322 2068 viri
1333 2013 1425 2080 docti,

373 2099 526 2170 impositos,
541 2115 575 2148 ne
584 2114 645 2148 cum
654 2097 772 2148 Ernestio
780 2094 814 2147 de
825 2096 874 2146 mi·
918 2097 980 2150 inde
990 2100 1069 2150 etium
1079 2110 1167 2170 patet,
1182 2094 1255 2169 quod
1264 2095 1379 2148 Solanus
1390 2093 1425 2145 ad

374 2176 421 2229 lite
435 2175 568 2228 classiario
588 2176 702 2245 cogites,
718 2172 752 2226 de
767 2192 820 2246 quo
833 2172 875 2224 di·
917 2175 1051 2230 Plutarch.
1069 2176 1087 2228 l.
1104 2195 1128 2228 c.
1145 2177 1236 2229 Romoe
1247 2185 1274 2227 et
1290 2174 1319 2225 in
1336 2174 1426 2226 castris

331 2305 333 2311 .
374 2267 447 2306 ctum
465 2254 498 2305 ad
515 2252 593 2305 Galb-
616 2251 658 2324 1²)
678 2254 874 2305 armaliomam
917 2256 1098 2321 arianismo
1107 2255 1279 2310 Ostioeortam
1287 2251 1424 2306 essehanc

374 2333 499 2386 translata
507 2334 662 2398 Suetonius,
672 2333 778 2384 Tacitus
785 2343 874 2383 autem
919 2332 1078 2386 seditionem
1091 2334 1207 2401 notarit,
1221 2336 1425 2385 immemorver

374 2409 495 2463 vehicula
505 2410 614 2463 cohortis
624 2410 655 2460 iis
665 2422 788 2475 onerata,
799 2407 871 2459 dicit.
918 2411 1015 2466 borum
1023 2414 1122 2483 Taciti,
1138 2413 1231 2467 Urbem
1243 2430 1276 2464 uc
1286 2409 1423 2464 Palatium

373 2488 503 2541 Putabam
511 2487 796 2559 aliquando,hoecipsa
804 2485 874 2537 vehi·
917 2503 1018 2562 petiens,

373 2568 435 2622 cula
446 2569 545 2635 Taciti,
559 2581 589 2619 ut
599 2569 706 2638 sepius,
718 2566 752 2618 de
764 2565 875 2638 naviqiis
955 2588 980 2640 7.
990 2569 1267 2624 Nonnullisetoccisis.
1276 2569 1362 2620 Tacit.
1371 2565 1390 2618 l.
1399 2585 1422 2618 e.

373 2647 543 2718 intelligenda
562 2664 633 2710 esse,
654 2659 681 2698 et
694 2665 743 2718 per
757 2664 874 2698 errorem
921 2648 1114 2702 :Resistentem
1133 2646 1256 2700 seditioni
1271 2643 1424 2698 Tribunum

372 2726 543 2780 Plutarchum
561 2725 579 2776 l.
599 2745 622 2776 c.
638 2728 746 2778 vertisse
761 2723 795 2778 rui
809 2723 874 2777 irae
919 2738 944 2778 et
963 2730 1140 2782 severissimos
1159 2727 1354 2779 Centurionusn
1373 2723 1423 2777 ob·

372 2807 426 2863 aete
436 2803 545 2874 ὶμιίξιις
557 2801 710 2860 tentatae.
731 2804 782 2857 Sed
792 2805 874 2856 levior
918 2817 1067 2858 meant.-

372 2887 429 2942 haec
442 2904 483 2938 res
498 2898 553 2953 est,
574 2898 601 2936 et
614 2886 641 2936 in
656 2902 710 2956 qna
726 2883 873 2938 dissensum
955 2886 981 2938 8.
1000 2886 1231 2958 Permperunt....
1245 2901 1293 2935 nec
1307 2884 1358 2937 nisi
1369 2884 1422 2936 viso

373 2970 533 3039 scriptorum
545 2964 624 3017 facile
637 2965 716 3017 ieras.
732 2963 792 3017 Alia
803 2962 873 3016 dilii-
917 2963 1077 3018 destitemnt.
1091 2964 1177 3015 Tacit.
1187 2980 1247 3034 csp.
1263 2962 1313 3015 Sat
1330 2961 1422 3013 «Mili-

372 3044 560 3116 cultas,quam
573 3042 873 3115 queruntinverbore·
917 3056 973 3094 turn
994 3045 1109 3114 impetus
1134 3059 1168 3092 ne
1188 3039 1292 3094 loribus
1313 3038 1423 3111 quiden

372 3125 443 3176 mitti
453 3121 544 3195 (quod
558 3125 698 3175 Burmann.
711 3123 739 3174 in
749 3125 874 3195 praemitti
918 3121 1160 3188 Palatiicoercitus,
1168 3138 1221 3191 quo
1231 3122 1319 3173 minua
1331 3121 1423 3172 convi-

371 3201 528 3253 mntandum
548 3199 637 3266 duxit,
657 3203 760 3254 Ernest.
782 3214 872 3254 contra
917 3205 989 3254 sium
1014 3205 1211 3274 irrumperent,
1241 3199 1349 3253 ostendi
1373 3199 1423 3253 sihi

373 3299 450 3333 suum
465 3280 560 3351 lingue
579 3281 704 3352 explicuit
717 3283 802 3348 mitti,
820 3281 873 3334 Ou·
917 3280 1051 3336 Othonem
1061 3279 1422 3354 expostulantes,rulnerato

374 3352 503 3430 dendorpss
512 3373 615 3411 mutare
625 3359 716 3411 maltiit
723 3362 749 3411 in
757 3359 871 3427 demitti,
916 3359 988 3411 Julio
995 3359 1130 3425 Martiale,
1137 3358 1274 3426 Tribuno,
1282 3373 1309 3411 et
1315 3357 1423 3411 Vitellio

373 3435 467 3502 idest,
487 3435 604 3488 secundo
616 3435 696 3488 fluvio
713 3437 811 3489 deferri
824 3456 871 3490 seu
917 3437 1072 3504 Saturnino,
1084 3440 1211 3491 Praefecto
1223 3438 1348 3508 legionis,
1357 3435 1422 3490 dum

373 3512 468 3564 devehi
482 3512 617 3580 Ostiam),
636 3513 700 3567 mihi
714 3515 787 3567 nulla
800 3514 871 3568 vide·
915 3517 1055 3570 ruentibus
1073 3517 1214 3571 obsistunt.
1232 3516 1360 3588 Undique
1378 3535 1423 3568 ar·

373 3603 426 3658 tur,
436 3588 621 3663 Oudendorpii
631 3593 780 3646 emendatio
793 3597 871 3648 etiam
915 3617 958 3650 rna
970 3612 997 3649 et
1007 3599 1098 3667 mine,
1112 3597 1193 3650 modo
1206 3600 1233 3650 iu
1244 3599 1421 3652 Centuriones

371 3669 470 3722 falsum
485 3667 602 3741 prebere
619 3688 734 3724 sensum.
754 3673 870 3742 Scilicet,
915 3677 1120 3750 Tribunosqne,
1142 3675 1223 3730 modo
1244 3680 1273 3729 iu
1293 3675 1423 3729 Senatum

374 3768 456 3820 quum
469 3747 553 3802 redire
565 3748 674 3801 deberet
689 3750 786 3803 cohors
796 3753 872 3806 Ostia
916 3760 1087 3824 universum,
1111 3758 1254 3832 lymphatis
1274 3775 1346 3808 caeco
1370 3775 1421 3827 pa-

372 3830 501 3896 nomam,
521 3827 675 3879 remittenda
696 3830 776 3880 etiarn
795 3844 872 3884 erant
915 3853 979 3888 vore
1000 3838 1112 3901 animis,
1135 3847 1179 3903 et,
1203 3836 1265 3906 quis
1285 3835 1422 3887 neminem

374 3928 446 3961 arma
468 3909 496 3960 in
518 3905 632 3973 Urbem,
655 3905 726 3959 unde
746 3910 871 3964 translata
915 3931 999 3966 unum
1017 3912 1148 3968 destinare
1163 3915 1208 3966 ire
1222 3925 1366 3984 poterant,
1387 3911 1422 3964 li·

372 3989 477 4040 iuerant
492 3984 527 4038 ad
545 3997 648 4055 tempus
664 3985 741 4037 simul
752 4005 813 4039 cum
827 3991 872 4041 mi·
917 3991 1361 4064 centiaminomnesposcentibus5
1371 3988 1421 4042 do·

373 4064 592 4119 liteincoloniam
599 4065 755 4116 Ostiensem.
766 4064 871 4140 Silegas
915 4089 965 4122 nec
983 4070 1073 4139 Otho,
1088 4083 1182 4123 contre
1203 4070 1283 4123 decus
1300 4071 1420 4142 imperii,

374 4164 434 4198 cum
445 4142 570 4198 Oudend.
581 4141 697 4209 demitti,
711 4143 783 4214 quod
791 4145 871 4197 miror
914 4164 974 4201 toro
992 4150 1133 4216 insistens,
1153 4148 1278 4221 precibus
1295 4161 1322 4201 et
1342 4149 1421 4200 lacri-

372 4225 504 4295 placuisse
512 4225 589 4279 etiam
596 4221 869 4293 Wolfio,contrarius
914 4227 963 4282 mis
982 4247 1049 4300 egre
1069 4227 1207 4292 cohibuit,
1229 4227 1420 4300 redieruntque
