<?xml version="1.0" encoding="UTF-8"?>
<!DOCTYPE html PUBLIC "-//W3C//DTD XHTML 1.0 Transitional//EN"
    "http://www.w3.org/TR/xhtml1/DTD/xhtml1-transitional.dtd">
<html xmlns="http://www.w3.org/1999/xhtml" xml:lang="en" lang="en">
 <head>
  <title>
</title>
<meta http-equiv="Content-Type" content="text/html;charset=utf-8" />
  <meta name='ocr-system' content='tesseract 3.04.00' />
  <meta name='ocr-capabilities' content='ocr_page ocr_carea ocr_par ocr_line ocrx_word'/>
</head>
<body>
  <div class='ocr_page' id='page_1' title='image "./csuetoniitranqu00suetgoog_0034.png"; bbox 0 0 3066 5148; ppageno 0'>
   <div class='ocr_carea' id='block_1_1' title="bbox 387 597 1058 664">
    <p class='ocr_par' dir='ltr' id='par_1_1' title="bbox 387 597 1058 664">
     <span class='ocr_line' id='line_1_1' title="bbox 387 597 1058 664; baseline -0.001 -1"><span class='ocrx_word' id='word_1_1' title='bbox 387 617 429 664; x_wconf 79' lang='lat'><strong>22</strong></span> <span class='ocrx_word' id='word_1_2' title='bbox 762 597 799 663; x_wconf 89' lang='lat' dir='ltr'><strong>C.</strong></span> <span class='ocrx_word' id='word_1_3' title='bbox 825 597 1058 663; x_wconf 86' lang='lat' dir='ltr'><strong>SUETONll</strong></span> 
     </span>
    </p>
   </div>
   <div class='ocr_carea' id='block_1_2' title="bbox 386 721 1436 1373">
    <p class='ocr_par' dir='ltr' id='par_1_2' title="bbox 386 721 1436 1373">
     <span class='ocr_line' id='line_1_2' title="bbox 386 721 1431 816; baseline 0.002 -26"><span class='ocrx_word' id='word_1_4' title='bbox 386 725 590 816; x_wconf 75' lang='lat' dir='ltr'><strong>gravissimis</strong></span> <span class='ocrx_word' id='word_1_5' title='bbox 602 725 779 792; x_wconf 86' lang='lat' dir='ltr'><strong>tormentis</strong></span> <span class='ocrx_word' id='word_1_6' title='bbox 792 721 835 790; x_wconf 88' lang='lat' dir='ltr'><strong>de</strong></span> <span class='ocrx_word' id='word_1_7' title='bbox 848 722 974 791; x_wconf 89' lang='lat' dir='ltr'><strong>scelere</strong></span> <span class='ocrx_word' id='word_1_8' title='bbox 988 727 1120 815; x_wconf 93' lang='lat' dir='ltr'><strong>patroni</strong></span> <span class='ocrx_word' id='word_1_9' title='bbox 1132 727 1330 792; x_wconf 83' lang='lat' dir='ltr'><strong>reticuisset.</strong></span> <span class='ocrx_word' id='word_1_10' title='bbox 1343 728 1431 810; x_wconf 87' lang='lat' dir='ltr'><strong>Quas</strong></span> 
     </span>
     <span class='ocr_line' id='line_1_3' title="bbox 387 831 1433 928; baseline 0.002 -26"><span class='ocrx_word' id='word_1_11' title='bbox 387 833 431 902; x_wconf 93' lang='lat' dir='ltr'><strong>ob</strong></span> <span class='ocrx_word' id='word_1_12' title='bbox 447 857 501 901; x_wconf 90' lang='lat' dir='ltr'><strong>res</strong></span> <span class='ocrx_word' id='word_1_13' title='bbox 517 835 606 901; x_wconf 89' lang='lat' dir='ltr'><strong>inter</strong></span> <span class='ocrx_word' id='word_1_14' title='bbox 619 831 768 928; x_wconf 88' lang='lat' dir='ltr'><strong>reliquos</strong></span> <span class='ocrx_word' id='word_1_15' title='bbox 782 831 928 902; x_wconf 87' lang='lat' dir='ltr'><strong>bonores</strong></span> <span class='ocrx_word' id='word_1_16' title='bbox 940 831 1095 902; x_wconf 86' lang='lat' dir='ltr'><strong>decretus</strong></span> <span class='ocrx_word' id='word_1_17' title='bbox 1110 853 1161 902; x_wconf 90' lang='lat' dir='ltr'><strong>est</strong></span> <span class='ocrx_word' id='word_1_18' title='bbox 1176 837 1207 902; x_wconf 92' lang='lat' dir='ltr'><strong>ei</strong></span> <span class='ocrx_word' id='word_1_19' title='bbox 1222 833 1364 928; x_wconf 70' lang='lat' dir='ltr'><strong>clypeus</strong></span> <span class='ocrx_word' id='word_1_20' title='bbox 1376 859 1433 904; x_wconf 85' lang='lat' dir='ltr'><strong>au-</strong></span> 
     </span>
     <span class='ocr_line' id='line_1_4' title="bbox 386 942 1433 1039; baseline 0.001 -27"><span class='ocrx_word' id='word_1_21' title='bbox 386 942 515 1027; x_wconf 84' lang='lat' dir='ltr'><strong>reus¹⁶,</strong></span> <span class='ocrx_word' id='word_1_22' title='bbox 532 969 635 1039; x_wconf 92' lang='lat' dir='ltr'><strong>quem</strong></span> <span class='ocrx_word' id='word_1_23' title='bbox 650 947 831 1039; x_wconf 84' lang='lat' dir='ltr'><strong>quotannis</strong></span> <span class='ocrx_word' id='word_1_24' title='bbox 843 959 936 1012; x_wconf 88' lang='lat' dir='ltr'><strong>certo</strong></span> <span class='ocrx_word' id='word_1_25' title='bbox 950 942 1004 1011; x_wconf 91' lang='lat' dir='ltr'><strong>die</strong></span> <span class='ocrx_word' id='word_1_26' title='bbox 1018 943 1157 1036; x_wconf 78' lang='lat' dir='ltr'><strong>collegia</strong></span> <span class='ocrx_word' id='word_1_27' title='bbox 1174 944 1385 1013; x_wconf 81' lang='lat' dir='ltr'><strong>sacerdotum</strong></span> <span class='ocrx_word' id='word_1_28' title='bbox 1399 948 1433 1013; x_wconf 89' lang='lat' dir='ltr'><strong>in</strong></span> 
     </span>
     <span class='ocr_line' id='line_1_5' title="bbox 386 1055 1433 1151; baseline -0.003 -25"><span class='ocrx_word' id='word_1_29' title='bbox 386 1055 589 1150; x_wconf 86' lang='lat' dir='ltr'><strong>Capitolium</strong></span> <span class='ocrx_word' id='word_1_30' title='bbox 614 1056 757 1138; x_wconf 85' lang='lat' dir='ltr'><strong>ferrent,</strong></span> <span class='ocrx_word' id='word_1_31' title='bbox 783 1062 908 1126; x_wconf 84' lang='lat' dir='ltr'><strong>Senatu</strong></span> <span class='ocrx_word' id='word_1_32' title='bbox 935 1060 1176 1151; x_wconf 84' lang='lat' dir='ltr'><strong>prosequente,</strong></span> <span class='ocrx_word' id='word_1_33' title='bbox 1200 1055 1433 1151; x_wconf 84' lang='lat' dir='ltr'><strong>nobilibusque</strong></span> 
     </span>
     <span class='ocr_line' id='line_1_6' title="bbox 386 1163 1433 1260; baseline -0.004 -24"><span class='ocrx_word' id='word_1_34' title='bbox 386 1170 553 1260; x_wconf 85' lang='lat' dir='ltr'><strong>puerisac</strong></span> <span class='ocrx_word' id='word_1_35' title='bbox 562 1165 687 1260; x_wconf 81' lang='lat' dir='ltr'><strong>puellis</strong></span> <span class='ocrx_word' id='word_1_36' title='bbox 702 1170 850 1234; x_wconf 88' lang='lat' dir='ltr'><strong>carmine</strong></span> <span class='ocrx_word' id='word_1_37' title='bbox 866 1166 1039 1235; x_wconf 89' lang='lat' dir='ltr'><strong>modulato</strong></span> <span class='ocrx_word' id='word_1_38' title='bbox 1051 1165 1168 1236; x_wconf 91' lang='lat' dir='ltr'><strong>laudes</strong></span> <span class='ocrx_word' id='word_1_39' title='bbox 1184 1169 1348 1234; x_wconf 88' lang='lat' dir='ltr'><strong>virtutum</strong></span> <span class='ocrx_word' id='word_1_40' title='bbox 1363 1163 1433 1257; x_wconf 84' lang='lat' dir='ltr'><strong>ejus</strong></span> 
     </span>
     <span class='ocr_line' id='line_1_7' title="bbox 386 1276 1436 1373; baseline -0.009 -21"><span class='ocrx_word' id='word_1_41' title='bbox 386 1279 595 1352; x_wconf 77' lang='lat' dir='ltr'><strong>canentibus.</strong></span> <span class='ocrx_word' id='word_1_42' title='bbox 616 1276 797 1348; x_wconf 84' lang='lat' dir='ltr'><strong>Decretum</strong></span> <span class='ocrx_word' id='word_1_43' title='bbox 817 1298 948 1361; x_wconf 89' lang='lat' dir='ltr'><strong>autem,</strong></span> <span class='ocrx_word' id='word_1_44' title='bbox 967 1295 1005 1346; x_wconf 93' lang='lat' dir='ltr'><strong>ut</strong></span> <span class='ocrx_word' id='word_1_45' title='bbox 1023 1278 1109 1362; x_wconf 90' lang='lat' dir='ltr'><strong>dies,</strong></span> <span class='ocrx_word' id='word_1_46' title='bbox 1129 1304 1197 1373; x_wconf 92' lang='lat' dir='ltr'><strong>quo</strong></span> <span class='ocrx_word' id='word_1_47' title='bbox 1215 1282 1360 1371; x_wconf 87' lang='lat' dir='ltr'><strong>cepisset</strong></span> <span class='ocrx_word' id='word_1_48' title='bbox 1378 1283 1436 1344; x_wconf 93' lang='lat' dir='ltr'><strong>im-</strong></span> 
     </span>
    </p>
   </div>
   <div class='ocr_carea' id='block_1_3' title="bbox 370 1387 1434 1580">
    <p class='ocr_par' dir='ltr' id='par_1_3' title="bbox 370 1387 1434 1580">
     <span class='ocr_line' id='line_1_8' title="bbox 389 1387 1434 1484; baseline -0.002 -26"><span class='ocrx_word' id='word_1_49' title='bbox 389 1394 539 1483; x_wconf 84' lang='lat' dir='ltr'><strong>perium,</strong></span> <span class='ocrx_word' id='word_1_50' title='bbox 562 1391 720 1458; x_wconf 83' lang='lat' dir='ltr'><strong>Parilia¹⁷</strong></span> <span class='ocrx_word' id='word_1_51' title='bbox 742 1407 930 1470; x_wconf 86' lang='lat' dir='ltr'><strong>vocaretur,</strong></span> <span class='ocrx_word' id='word_1_52' title='bbox 951 1389 1044 1459; x_wconf 88' lang='lat' dir='ltr'><strong>velut</strong></span> <span class='ocrx_word' id='word_1_53' title='bbox 1060 1387 1299 1484; x_wconf 77' lang='lat' dir='ltr'><strong>argumentum</strong></span> <span class='ocrx_word' id='word_1_54' title='bbox 1320 1411 1434 1458; x_wconf 88' lang='lat' dir='ltr'><strong>rursus</strong></span> 
     </span>
     <span class='ocr_line' id='line_1_9' title="bbox 370 1499 661 1580; baseline 0 -12"><span class='ocrx_word' id='word_1_55' title='bbox 370 1499 531 1580; x_wconf 82' lang='lat' dir='ltr'><strong>¹conditae</strong></span> <span class='ocrx_word' id='word_1_56' title='bbox 548 1499 661 1568; x_wconf 86' lang='lat' dir='ltr'><strong>Urbis.</strong></span> 
     </span>
    </p>
   </div>
   <div class='ocr_carea' id='block_1_4' title="bbox 387 1610 1437 2147">
    <p class='ocr_par' dir='ltr' id='par_1_4' title="bbox 387 1610 1437 2147">
     <span class='ocr_line' id='line_1_10' title="bbox 433 1610 1434 1707; baseline 0 -30"><span class='ocrx_word' id='word_1_57' title='bbox 433 1614 537 1678; x_wconf 88' lang='lat' dir='ltr'><strong>XVII.</strong></span> <span class='ocrx_word' id='word_1_58' title='bbox 559 1610 764 1679; x_wconf 80' lang='lat' dir='ltr'><strong>Consulatus</strong></span> <span class='ocrx_word' id='word_1_59' title='bbox 777 1628 922 1707; x_wconf 90' lang='lat' dir='ltr'><strong>quatuor</strong></span> <span class='ocrx_word' id='word_1_60' title='bbox 933 1617 1051 1703; x_wconf 77' lang='lat' dir='ltr'><strong>gessit:</strong></span> <span class='ocrx_word' id='word_1_61' title='bbox 1063 1617 1211 1705; x_wconf 91' lang='lat' dir='ltr'><strong>primum</strong></span> <span class='ocrx_word' id='word_1_62' title='bbox 1225 1637 1265 1679; x_wconf 85' lang='lat' dir='ltr'><strong>ex</strong></span> <span class='ocrx_word' id='word_1_63' title='bbox 1278 1610 1434 1678; x_wconf 83' lang='lat' dir='ltr'><strong>Kalendis</strong></span> 
     </span>
     <span class='ocr_line' id='line_1_11' title="bbox 387 1719 1435 1815; baseline 0.002 -29"><span class='ocrx_word' id='word_1_64' title='bbox 387 1719 501 1788; x_wconf 88' lang='lat' dir='ltr'><strong>Juliis¹</strong></span> <span class='ocrx_word' id='word_1_65' title='bbox 516 1745 578 1815; x_wconf 86' lang='lat' dir='ltr'><strong>per</strong></span> <span class='ocrx_word' id='word_1_66' title='bbox 592 1721 677 1791; x_wconf 91' lang='lat' dir='ltr'><strong>duos</strong></span> <span class='ocrx_word' id='word_1_67' title='bbox 693 1745 844 1805; x_wconf 89' lang='lat' dir='ltr'><strong>menses;</strong></span> <span class='ocrx_word' id='word_1_68' title='bbox 863 1722 1067 1791; x_wconf 86' lang='lat' dir='ltr'><strong>secundum²</strong></span> <span class='ocrx_word' id='word_1_69' title='bbox 1084 1748 1126 1791; x_wconf 84' lang='lat' dir='ltr'><strong>ex</strong></span> <span class='ocrx_word' id='word_1_70' title='bbox 1139 1719 1300 1791; x_wconf 88' lang='lat' dir='ltr'><strong>Kalendis</strong></span> <span class='ocrx_word' id='word_1_71' title='bbox 1316 1727 1435 1790; x_wconf 89' lang='lat' dir='ltr'><strong>Janua-</strong></span> 
     </span>
     <span class='ocr_line' id='line_1_12' title="bbox 387 1830 1434 1926; baseline 0 -29"><span class='ocrx_word' id='word_1_72' title='bbox 387 1833 445 1897; x_wconf 91' lang='lat' dir='ltr'><strong>riis</strong></span> <span class='ocrx_word' id='word_1_73' title='bbox 463 1854 525 1921; x_wconf 89' lang='lat' dir='ltr'><strong>per</strong></span> <span class='ocrx_word' id='word_1_74' title='bbox 543 1833 679 1923; x_wconf 75' lang='lat' dir='ltr'><strong>triginta</strong></span> <span class='ocrx_word' id='word_1_75' title='bbox 697 1830 787 1912; x_wconf 72' lang='lat' dir='ltr'><strong>dies,</strong></span> <span class='ocrx_word' id='word_1_76' title='bbox 807 1833 962 1898; x_wconf 81' lang='lat' dir='ltr'><strong>tertium³</strong></span> <span class='ocrx_word' id='word_1_77' title='bbox 981 1856 1090 1926; x_wconf 89' lang='lat' dir='ltr'><strong>usque</strong></span> <span class='ocrx_word' id='word_1_78' title='bbox 1109 1835 1144 1899; x_wconf 94' lang='lat' dir='ltr'><strong>in</strong></span> <span class='ocrx_word' id='word_1_79' title='bbox 1166 1830 1246 1901; x_wconf 89' lang='lat' dir='ltr'><strong>Idus</strong></span> <span class='ocrx_word' id='word_1_80' title='bbox 1267 1833 1434 1912; x_wconf 77' lang='lat' dir='ltr'><strong>lanuarii3</strong></span> 
     </span>
     <span class='ocr_line' id='line_1_13' title="bbox 388 1939 1436 2035; baseline 0.001 -28"><span class='ocrx_word' id='word_1_81' title='bbox 388 1939 568 2034; x_wconf 78' lang='lat' dir='ltr'><strong>quartum⁴</strong></span> <span class='ocrx_word' id='word_1_82' title='bbox 581 1963 690 2035; x_wconf 87' lang='lat' dir='ltr'><strong>usque</strong></span> <span class='ocrx_word' id='word_1_83' title='bbox 707 1944 742 2007; x_wconf 92' lang='lat' dir='ltr'><strong>in</strong></span> <span class='ocrx_word' id='word_1_84' title='bbox 759 1944 941 2035; x_wconf 91' lang='lat' dir='ltr'><strong>septimum</strong></span> <span class='ocrx_word' id='word_1_85' title='bbox 959 1940 1039 2010; x_wconf 91' lang='lat' dir='ltr'><strong>Idus</strong></span> <span class='ocrx_word' id='word_1_86' title='bbox 1056 1940 1200 2009; x_wconf 88' lang='lat' dir='ltr'><strong>easdem.</strong></span> <span class='ocrx_word' id='word_1_87' title='bbox 1221 1947 1271 2009; x_wconf 81' lang='lat' dir='ltr'><strong>Ex</strong></span> <span class='ocrx_word' id='word_1_88' title='bbox 1282 1940 1436 2010; x_wconf 90' lang='lat' dir='ltr'><strong>omnibus</strong></span> 
     </span>
     <span class='ocr_line' id='line_1_14' title="bbox 387 2051 1437 2147; baseline -0.002 -27"><span class='ocrx_word' id='word_1_89' title='bbox 387 2052 473 2121; x_wconf 92' lang='lat' dir='ltr'><strong>duos</strong></span> <span class='ocrx_word' id='word_1_90' title='bbox 499 2056 701 2124; x_wconf 88' lang='lat' dir='ltr'><strong>novissimos</strong></span> <span class='ocrx_word' id='word_1_91' title='bbox 727 2051 933 2147; x_wconf 82' lang='lat' dir='ltr'><strong>conjunxit⁵.</strong></span> <span class='ocrx_word' id='word_1_92' title='bbox 961 2057 1113 2122; x_wconf 82' lang='lat' dir='ltr'><strong>Tertium</strong></span> <span class='ocrx_word' id='word_1_93' title='bbox 1141 2071 1254 2122; x_wconf 86' lang='lat' dir='ltr'><strong>autem</strong></span> <span class='ocrx_word' id='word_1_94' title='bbox 1281 2051 1437 2147; x_wconf 72' lang='lat' dir='ltr'><strong>Lugduni</strong></span> 
     </span>
    </p>
   </div>
   <div class='ocr_carea' id='block_1_5' title="bbox 385 2298 1447 4357">
    <p class='ocr_par' dir='ltr' id='par_1_5' title="bbox 385 2298 1447 4357">
     <span class='ocr_line' id='line_1_15' title="bbox 385 2298 1437 2379; baseline -0.007 -23"><span class='ocrx_word' id='word_1_95' title='bbox 385 2313 482 2379; x_wconf 67' lang='lat' dir='ltr'><strong>genta,</strong></span> <span class='ocrx_word' id='word_1_96' title='bbox 497 2321 553 2374; x_wconf 74' lang='lat' dir='ltr'><strong>que</strong></span> <span class='ocrx_word' id='word_1_97' title='bbox 565 2303 687 2374; x_wconf 82' lang='lat' dir='ltr'><strong>profecto</strong></span> <span class='ocrx_word' id='word_1_98' title='bbox 699 2321 801 2354; x_wconf 83' lang='lat' dir='ltr'><strong>summa</strong></span> <span class='ocrx_word' id='word_1_99' title='bbox 813 2300 891 2354; x_wconf 84' lang='lat' dir='ltr'><strong>fidem</strong></span> <span class='ocrx_word' id='word_1_100' title='bbox 937 2303 1052 2354; x_wconf 79' lang='lat' dir='ltr'><strong>muneris</strong></span> <span class='ocrx_word' id='word_1_101' title='bbox 1072 2315 1191 2372; x_wconf 82' lang='lat' dir='ltr'><strong>ternpore</strong></span> <span class='ocrx_word' id='word_1_102' title='bbox 1211 2301 1314 2356; x_wconf 69' lang='lat' dir='ltr'><strong>{unctis</strong></span> <span class='ocrx_word' id='word_1_103' title='bbox 1333 2298 1437 2352; x_wconf 74' lang='lat' dir='ltr'><strong>alterins</strong></span> 
     </span>
     <span class='ocr_line' id='line_1_16' title="bbox 389 2379 1438 2440; baseline -0.006 -6"><span class='ocrx_word' id='word_1_104' title='bbox 389 2381 501 2435; x_wconf 79' lang='lat' dir='ltr'><strong>excedit.</strong></span> <span class='ocrx_word' id='word_1_105' title='bbox 936 2383 1067 2433; x_wconf 81' lang='lat' dir='ltr'><strong>semestris</strong></span> <span class='ocrx_word' id='word_1_106' title='bbox 1080 2381 1155 2432; x_wconf 89' lang='lat' dir='ltr'><strong>initio</strong></span> <span class='ocrx_word' id='word_1_107' title='bbox 1167 2381 1307 2432; x_wconf 83' lang='lat' dir='ltr'><strong>successit.</strong></span> <span class='ocrx_word' id='word_1_108' title='bbox 1322 2379 1362 2430; x_wconf 85' lang='lat' dir='ltr'><strong>cf.</strong></span> <span class='ocrx_word' id='word_1_109' title='bbox 1374 2379 1438 2440; x_wconf 89' lang='lat' dir='ltr'><strong>Dio,</strong></span> 
     </span>
     <span class='ocr_line' id='line_1_17' title="bbox 426 2455 1439 2534; baseline -0.009 -20"><span class='ocrx_word' id='word_1_110' title='bbox 426 2480 437 2514; x_wconf 84' lang='grc' dir='ltr'><strong>-ι</strong></span> <span class='ocrx_word' id='word_1_111' title='bbox 444 2462 469 2514; x_wconf 84' lang='grc'><strong>6.</strong></span> <span class='ocrx_word' id='word_1_112' title='bbox 490 2462 603 2534; x_wconf 72' lang='lat' dir='ltr'><strong>Clypeus</strong></span> <span class='ocrx_word' id='word_1_113' title='bbox 612 2481 720 2525; x_wconf 63' lang='lat' dir='ltr'><strong>aureum</strong></span> <span class='ocrx_word' id='word_1_114' title='bbox 732 2461 760 2513; x_wconf 92' lang='lat' dir='ltr'><strong>id</strong></span> <span class='ocrx_word' id='word_1_115' title='bbox 772 2475 826 2530; x_wconf 87' lang='lat' dir='ltr'><strong>est,</strong></span> <span class='ocrx_word' id='word_1_116' title='bbox 838 2460 894 2534; x_wconf 76' lang='lat' dir='ltr'><strong>ely·</strong></span> <span class='ocrx_word' id='word_1_117' title='bbox 936 2459 1010 2526; x_wconf 82' lang='lat' dir='ltr'><strong>mx,</strong></span> <span class='ocrx_word' id='word_1_118' title='bbox 1019 2461 1050 2524; x_wconf 82' lang='lat'><strong>6,</strong></span> <span class='ocrx_word' id='word_1_119' title='bbox 1060 2460 1173 2512; x_wconf 87' lang='lat' dir='ltr'><strong>Ernestii</strong></span> <span class='ocrx_word' id='word_1_120' title='bbox 1184 2459 1292 2509; x_wconf 81' lang='lat' dir='ltr'><strong>Excurs.</strong></span> <span class='ocrx_word' id='word_1_121' title='bbox 1306 2455 1341 2509; x_wconf 88' lang='lat' dir='ltr'><strong>ad</strong></span> <span class='ocrx_word' id='word_1_122' title='bbox 1351 2456 1378 2508; x_wconf 93' lang='lat' dir='ltr'><strong>b.</strong></span> <span class='ocrx_word' id='word_1_123' title='bbox 1389 2455 1405 2508; x_wconf 95' lang='lat' dir='ltr'><strong>l.</strong></span> <span class='ocrx_word' id='word_1_124' title='bbox 1416 2467 1439 2506; x_wconf 88' lang='lat' dir='ltr'><strong>et</strong></span> 
     </span>
     <span class='ocr_line' id='line_1_18' title="bbox 388 2536 1439 2616; baseline -0.01 -19"><span class='ocrx_word' id='word_1_125' title='bbox 388 2555 469 2616; x_wconf 78' lang='lat' dir='ltr'><strong>penta</strong></span> <span class='ocrx_word' id='word_1_126' title='bbox 478 2544 574 2612; x_wconf 76' lang='lat' dir='ltr'><strong>imago.</strong></span> <span class='ocrx_word' id='word_1_127' title='bbox 583 2541 703 2596; x_wconf 83' lang='lat' dir='ltr'><strong>Macrob.</strong></span> <span class='ocrx_word' id='word_1_128' title='bbox 713 2541 852 2608; x_wconf 75' lang='lat' dir='ltr'><strong>Saturni,</strong></span> <span class='ocrx_word' id='word_1_129' title='bbox 862 2541 892 2592; x_wconf 83' lang='lat'><strong>3:</strong></span> <span class='ocrx_word' id='word_1_130' title='bbox 936 2538 1060 2591; x_wconf 89' lang='lat' dir='ltr'><strong>Oudend.</strong></span> <span class='ocrx_word' id='word_1_131' title='bbox 1074 2553 1131 2590; x_wconf 90' lang='lat' dir='ltr'><strong>not.</strong></span> <span class='ocrx_word' id='word_1_132' title='bbox 1145 2568 1181 2580; x_wconf 89' lang='lat'>—</span> <span class='ocrx_word' id='word_1_133' title='bbox 1194 2538 1247 2589; x_wconf 87' lang='lat' dir='ltr'><strong>Per</strong></span> <span class='ocrx_word' id='word_1_134' title='bbox 1259 2536 1324 2590; x_wconf 85' lang='lat' dir='ltr'><strong>duos</strong></span> <span class='ocrx_word' id='word_1_135' title='bbox 1339 2553 1439 2589; x_wconf 84' lang='lat' dir='ltr'><strong>menses.</strong></span> 
     </span>
     <span class='ocr_line' id='line_1_19' title="bbox 392 2615 1440 2692; baseline -0.005 -22"><span class='ocrx_word' id='word_1_136' title='bbox 392 2647 404 2670; x_wconf 80' lang='grc' dir='ltr'>ι</span> <span class='ocrx_word' id='word_1_137' title='bbox 413 2623 503 2691; x_wconf 84' lang='lat' dir='ltr'><strong>Quum</strong></span> <span class='ocrx_word' id='word_1_138' title='bbox 516 2624 544 2673; x_wconf 92' lang='lat' dir='ltr'><strong>in</strong></span> <span class='ocrx_word' id='word_1_139' title='bbox 555 2640 586 2672; x_wconf 88' lang='lat' dir='ltr'><strong>ea</strong></span> <span class='ocrx_word' id='word_1_140' title='bbox 597 2621 752 2692; x_wconf 84' lang='lat' dir='ltr'><strong>provincia,</strong></span> <span class='ocrx_word' id='word_1_141' title='bbox 768 2638 847 2691; x_wconf 87' lang='lat' dir='ltr'><strong>quam</strong></span> <span class='ocrx_word' id='word_1_142' title='bbox 858 2617 892 2684; x_wconf 90' lang='lat' dir='ltr'><strong>Q</strong></span> <span class='ocrx_word' id='word_1_143' title='bbox 938 2619 1014 2671; x_wconf 88' lang='lat' dir='ltr'><strong>Conf.</strong></span> <span class='ocrx_word' id='word_1_144' title='bbox 1026 2619 1091 2684; x_wconf 87' lang='lat' dir='ltr'><strong>Dio,</strong></span> <span class='ocrx_word' id='word_1_145' title='bbox 1102 2618 1174 2682; x_wconf 72' lang='lat' dir='ltr'><strong>Lus,</strong></span> <span class='ocrx_word' id='word_1_146' title='bbox 1187 2635 1212 2687; x_wconf 90' lang='lat'><strong>9.</strong></span> <span class='ocrx_word' id='word_1_147' title='bbox 1228 2617 1347 2670; x_wconf 84' lang='lat' dir='ltr'><strong>Nomina</strong></span> <span class='ocrx_word' id='word_1_148' title='bbox 1361 2615 1440 2668; x_wconf 75' lang='lat' dir='ltr'><strong>suffe-</strong></span> 
     </span>
     <span class='ocr_line' id='line_1_20' title="bbox 389 2695 1441 2767; baseline -0.007 -12"><span class='ocrx_word' id='word_1_149' title='bbox 389 2703 482 2755; x_wconf 79' lang='lat' dir='ltr'><strong>Ciceno</strong></span> <span class='ocrx_word' id='word_1_150' title='bbox 493 2701 577 2751; x_wconf 72' lang='lat' dir='ltr'><strong>frater</strong></span> <span class='ocrx_word' id='word_1_151' title='bbox 587 2711 703 2762; x_wconf 80' lang='lat' dir='ltr'><strong>rexerat,</strong></span> <span class='ocrx_word' id='word_1_152' title='bbox 717 2695 826 2748; x_wconf 85' lang='lat' dir='ltr'><strong>vidisset</strong></span> <span class='ocrx_word' id='word_1_153' title='bbox 837 2695 895 2766; x_wconf 88' lang='lat' dir='ltr'><strong>cly-</strong></span> <span class='ocrx_word' id='word_1_154' title='bbox 938 2710 1040 2750; x_wconf 90' lang='lat' dir='ltr'><strong>ctorum</strong></span> <span class='ocrx_word' id='word_1_155' title='bbox 1052 2700 1079 2750; x_wconf 90' lang='lat' dir='ltr'><strong>in</strong></span> <span class='ocrx_word' id='word_1_156' title='bbox 1093 2698 1207 2751; x_wconf 79' lang='lat' dir='ltr'><strong>alterum</strong></span> <span class='ocrx_word' id='word_1_157' title='bbox 1223 2711 1352 2751; x_wconf 75' lang='lat' dir='ltr'><strong>semestre</strong></span> <span class='ocrx_word' id='word_1_158' title='bbox 1369 2699 1441 2767; x_wconf 71' lang='lat' dir='ltr'><strong>igno·</strong></span> 
     </span>
     <span class='ocr_line' id='line_1_21' title="bbox 389 2775 1034 2854; baseline -0.009 -22"><span class='ocrx_word' id='word_1_159' title='bbox 389 2789 495 2854; x_wconf 69' lang='lat' dir='ltr'><strong>pectam</strong></span> <span class='ocrx_word' id='word_1_160' title='bbox 509 2778 651 2850; x_wconf 73' lang='lat' dir='ltr'><strong>imaqinem</strong></span> <span class='ocrx_word' id='word_1_161' title='bbox 663 2781 733 2847; x_wconf 85' lang='lat' dir='ltr'><strong>ejus,</strong></span> <span class='ocrx_word' id='word_1_162' title='bbox 743 2775 895 2846; x_wconf 69' lang='lat' dir='ltr'><strong>ingentibus</strong></span> <span class='ocrx_word' id='word_1_163' title='bbox 937 2794 1034 2852; x_wconf 79' lang='lat' dir='ltr'><strong>ramus.</strong></span> 
     </span>
     <span class='ocr_line' id='line_1_22' title="bbox 390 2849 1440 2927; baseline -0.01 -15"><span class='ocrx_word' id='word_1_164' title='bbox 390 2849 558 2912; x_wconf 79' lang='lat' dir='ltr'><strong>lineamentis</strong></span> <span class='ocrx_word' id='word_1_165' title='bbox 581 2875 665 2927; x_wconf 84' lang='lat' dir='ltr'><strong>usque</strong></span> <span class='ocrx_word' id='word_1_166' title='bbox 692 2855 726 2908; x_wconf 88' lang='lat' dir='ltr'><strong>ad</strong></span> <span class='ocrx_word' id='word_1_167' title='bbox 746 2870 840 2927; x_wconf 86' lang='lat' dir='ltr'><strong>pectus</strong></span> <span class='ocrx_word' id='word_1_168' title='bbox 865 2874 896 2906; x_wconf 85' lang='lat' dir='ltr'><strong>ex</strong></span> <span class='ocrx_word' id='word_1_169' title='bbox 976 2873 999 2906; x_wconf 79' lang='lat' dir='ltr'><strong>a.</strong></span> <span class='ocrx_word' id='word_1_170' title='bbox 1025 2855 1189 2921; x_wconf 82' lang='lat' dir='ltr'><strong>Secundum,</strong></span> <span class='ocrx_word' id='word_1_171' title='bbox 1211 2868 1262 2907; x_wconf 86' lang='lat' dir='ltr'><strong>ete.</strong></span> <span class='ocrx_word' id='word_1_172' title='bbox 1286 2856 1360 2905; x_wconf 83' lang='lat' dir='ltr'><strong>Ann.</strong></span> <span class='ocrx_word' id='word_1_173' title='bbox 1383 2867 1440 2922; x_wconf 84' lang='lat'>79²·</span> 
     </span>
     <span class='ocr_line' id='line_1_23' title="bbox 391 2933 1145 3008; baseline -0.004 -18"><span class='ocrx_word' id='word_1_174' title='bbox 391 2956 466 2990; x_wconf 86' lang='lat' dir='ltr'><strong>more</strong></span> <span class='ocrx_word' id='word_1_175' title='bbox 479 2939 596 3008; x_wconf 84' lang='lat' dir='ltr'><strong>pictam,</strong></span> <span class='ocrx_word' id='word_1_176' title='bbox 608 2949 679 2987; x_wconf 79' lang='lat' dir='ltr'><strong>etc.»</strong></span> <span class='ocrx_word' id='word_1_177' title='bbox 696 2936 833 2986; x_wconf 86' lang='lat' dir='ltr'><strong>Vocarunt</strong></span> <span class='ocrx_word' id='word_1_178' title='bbox 847 2933 894 2985; x_wconf 85' lang='lat' dir='ltr'><strong>lias</strong></span> <span class='ocrx_word' id='word_1_179' title='bbox 938 2935 1003 2999; x_wconf 91' lang='lat' dir='ltr'><strong>Dio,</strong></span> <span class='ocrx_word' id='word_1_180' title='bbox 1017 2934 1090 2999; x_wconf 83' lang='lat' dir='ltr'><strong>LIX,</strong></span> <span class='ocrx_word' id='word_1_181' title='bbox 1106 2934 1145 2987; x_wconf 83' lang='grc'><strong>13.</strong></span> 
     </span>
     <span class='ocr_line' id='line_1_24' title="bbox 392 3011 1442 3090; baseline -0.01 -20"><span class='ocrx_word' id='word_1_182' title='bbox 392 3018 520 3090; x_wconf 73' lang='lat' dir='ltr'><strong>imagines</strong></span> <span class='ocrx_word' id='word_1_183' title='bbox 534 3028 561 3066; x_wconf 90' lang='lat' dir='ltr'><strong>et</strong></span> <span class='ocrx_word' id='word_1_184' title='bbox 574 3025 653 3068; x_wconf 81' lang='lat' dir='ltr'><strong>scuta.</strong></span> <span class='ocrx_word' id='word_1_185' title='bbox 975 3013 999 3064; x_wconf 89' lang='grc'><strong>3.</strong></span> <span class='ocrx_word' id='word_1_186' title='bbox 1018 3013 1147 3078; x_wconf 84' lang='lat' dir='ltr'><strong>Tertium,</strong></span> <span class='ocrx_word' id='word_1_187' title='bbox 1158 3025 1209 3064; x_wconf 86' lang='lat' dir='ltr'><strong>ete.</strong></span> <span class='ocrx_word' id='word_1_188' title='bbox 1223 3013 1293 3062; x_wconf 82' lang='lat' dir='ltr'><strong>Ann.</strong></span> <span class='ocrx_word' id='word_1_189' title='bbox 1308 3011 1368 3082; x_wconf 87' lang='lat'>793.</span> <span class='ocrx_word' id='word_1_190' title='bbox 1381 3011 1442 3072; x_wconf 89' lang='lat' dir='ltr'><strong>Dio,</strong></span> 
     </span>
     <span class='ocr_line' id='line_1_25' title="bbox 431 3090 1442 3165; baseline -0.009 -17"><span class='ocrx_word' id='word_1_191' title='bbox 431 3114 471 3165; x_wconf 89' lang='lat'><strong>¹7·</strong></span> <span class='ocrx_word' id='word_1_192' title='bbox 494 3094 620 3156; x_wconf 56' lang='lat' dir='ltr'><strong>Parilia·</strong></span> <span class='ocrx_word' id='word_1_193' title='bbox 641 3113 689 3148; x_wconf 89' lang='lat' dir='ltr'><strong>seu</strong></span> <span class='ocrx_word' id='word_1_194' title='bbox 710 3091 819 3145; x_wconf 80' lang='lat' dir='ltr'><strong>Palilia.</strong></span> <span class='ocrx_word' id='word_1_195' title='bbox 840 3092 895 3141; x_wconf 87' lang='lat' dir='ltr'><strong>Pri·</strong></span> <span class='ocrx_word' id='word_1_196' title='bbox 939 3090 1012 3157; x_wconf 80' lang='lat' dir='ltr'><strong>mx,</strong></span> <span class='ocrx_word' id='word_1_197' title='bbox 1024 3090 1065 3156; x_wconf 70' lang='lat'><strong>²4·</strong></span> <span class='ocrx_word' id='word_1_198' title='bbox 1079 3091 1350 3161; x_wconf 80' lang='lat' dir='ltr'><strong>Quamquamuutem</strong></span> <span class='ocrx_word' id='word_1_199' title='bbox 1360 3106 1442 3161; x_wconf 79' lang='lat' dir='ltr'><strong>usqne</strong></span> 
     </span>
     <span class='ocr_line' id='line_1_26' title="bbox 394 3169 1443 3243; baseline -0.009 -14"><span class='ocrx_word' id='word_1_200' title='bbox 394 3177 495 3230; x_wconf 80' lang='lat' dir='ltr'><strong>mordis</strong></span> <span class='ocrx_word' id='word_1_201' title='bbox 513 3176 592 3228; x_wconf 86' lang='lat' dir='ltr'><strong>Urbis</strong></span> <span class='ocrx_word' id='word_1_202' title='bbox 609 3175 661 3228; x_wconf 91' lang='lat' dir='ltr'><strong>boc</strong></span> <span class='ocrx_word' id='word_1_203' title='bbox 678 3176 746 3226; x_wconf 86' lang='lat' dir='ltr'><strong>festo</strong></span> <span class='ocrx_word' id='word_1_204' title='bbox 763 3173 818 3243; x_wconf 84' lang='lat' dir='ltr'><strong>(Xl</strong></span> <span class='ocrx_word' id='word_1_205' title='bbox 834 3169 893 3222; x_wconf 85' lang='lat' dir='ltr'><strong>Kal.</strong></span> <span class='ocrx_word' id='word_1_206' title='bbox 940 3171 966 3221; x_wconf 91' lang='lat' dir='ltr'><strong>in</strong></span> <span class='ocrx_word' id='word_1_207' title='bbox 979 3169 1041 3221; x_wconf 86' lang='lat' dir='ltr'><strong>Idus</strong></span> <span class='ocrx_word' id='word_1_208' title='bbox 1052 3171 1159 3222; x_wconf 80' lang='lat' dir='ltr'><strong>ianuar.</strong></span> <span class='ocrx_word' id='word_1_209' title='bbox 1172 3169 1253 3222; x_wconf 89' lang='lat' dir='ltr'><strong>modo</strong></span> <span class='ocrx_word' id='word_1_210' title='bbox 1266 3171 1365 3239; x_wconf 74' lang='lat' dir='ltr'><strong>gessit,</strong></span> <span class='ocrx_word' id='word_1_211' title='bbox 1375 3183 1443 3222; x_wconf 83' lang='lat' dir='ltr'><strong>totns</strong></span> 
     </span>
     <span class='ocr_line' id='line_1_27' title="bbox 392 3251 1443 3326; baseline -0.009 -16"><span class='ocrx_word' id='word_1_212' title='bbox 392 3255 474 3326; x_wconf 84' lang='lat' dir='ltr'><strong>Mai.)</strong></span> <span class='ocrx_word' id='word_1_213' title='bbox 487 3254 702 3308; x_wconf 86' lang='lat' dir='ltr'><strong>celebrabantur.</strong></span> <span class='ocrx_word' id='word_1_214' title='bbox 721 3251 789 3304; x_wconf 85' lang='lat' dir='ltr'><strong>Vide</strong></span> <span class='ocrx_word' id='word_1_215' title='bbox 803 3253 893 3302; x_wconf 83' lang='lat' dir='ltr'><strong>Rosin.</strong></span> <span class='ocrx_word' id='word_1_216' title='bbox 940 3265 1029 3302; x_wconf 84' lang='lat' dir='ltr'><strong>tamen</strong></span> <span class='ocrx_word' id='word_1_217' title='bbox 1039 3267 1125 3302; x_wconf 85' lang='lat' dir='ltr'><strong>annus</strong></span> <span class='ocrx_word' id='word_1_218' title='bbox 1138 3254 1194 3320; x_wconf 86' lang='lat' dir='ltr'><strong>ejus</strong></span> <span class='ocrx_word' id='word_1_219' title='bbox 1204 3252 1443 3321; x_wconf 78' lang='lat' dir='ltr'><strong>nomiuedesigna-</strong></span> 
     </span>
     <span class='ocr_line' id='line_1_28' title="bbox 392 3328 1442 3402; baseline -0.009 -13"><span class='ocrx_word' id='word_1_220' title='bbox 392 3340 454 3390; x_wconf 80' lang='lat' dir='ltr'><strong>Ant.</strong></span> <span class='ocrx_word' id='word_1_221' title='bbox 475 3335 551 3386; x_wconf 87' lang='lat' dir='ltr'><strong>Rom.</strong></span> <span class='ocrx_word' id='word_1_222' title='bbox 574 3335 673 3399; x_wconf 81' lang='lat' dir='ltr'><strong>1V,e‚</strong></span> <span class='ocrx_word' id='word_1_223' title='bbox 693 3349 753 3402; x_wconf 68' lang='lat' dir='ltr'><strong>pag.</strong></span> <span class='ocrx_word' id='word_1_224' title='bbox 772 3329 823 3382; x_wconf 79' lang='lat'><strong>266</strong></span> <span class='ocrx_word' id='word_1_225' title='bbox 839 3347 895 3399; x_wconf 91' lang='lat' dir='ltr'><strong>seq.</strong></span> <span class='ocrx_word' id='word_1_226' title='bbox 941 3343 983 3380; x_wconf 91' lang='lat' dir='ltr'><strong>tus</strong></span> <span class='ocrx_word' id='word_1_227' title='bbox 1003 3342 1059 3395; x_wconf 85' lang='lat' dir='ltr'><strong>est,</strong></span> <span class='ocrx_word' id='word_1_228' title='bbox 1079 3347 1152 3379; x_wconf 89' lang='lat' dir='ltr'><strong>more</strong></span> <span class='ocrx_word' id='word_1_229' title='bbox 1169 3328 1276 3380; x_wconf 87' lang='lat' dir='ltr'><strong>illorum</strong></span> <span class='ocrx_word' id='word_1_230' title='bbox 1294 3343 1442 3400; x_wconf 85' lang='lat' dir='ltr'><strong>temporum</strong></span> 
     </span>
     <span class='ocr_line' id='line_1_29' title="bbox 392 3406 1443 3479; baseline -0.01 -9"><span class='ocrx_word' id='word_1_231' title='bbox 392 3411 896 3478; x_wconf 83' lang='lat' dir='ltr'><strong>Ceterum,similishonorCaesaricon-</strong></span> <span class='ocrx_word' id='word_1_232' title='bbox 941 3409 1060 3475; x_wconf 90' lang='lat' dir='ltr'><strong>solenni,</strong></span> <span class='ocrx_word' id='word_1_233' title='bbox 1082 3408 1154 3461; x_wconf 83' lang='lat' dir='ltr'><strong>unde</strong></span> <span class='ocrx_word' id='word_1_234' title='bbox 1176 3410 1262 3461; x_wconf 87' lang='lat' dir='ltr'><strong>Tacit.</strong></span> <span class='ocrx_word' id='word_1_235' title='bbox 1284 3411 1373 3479; x_wconf 74' lang='lat' dir='ltr'><strong>Agric.</strong></span> <span class='ocrx_word' id='word_1_236' title='bbox 1395 3406 1443 3475; x_wconf 70' lang='grc'><strong>44,</strong></span> 
     </span>
     <span class='ocr_line' id='line_1_30' title="bbox 392 3486 1443 3566; baseline -0.009 -19"><span class='ocrx_word' id='word_1_237' title='bbox 392 3497 506 3566; x_wconf 72' lang='lat' dir='ltr'><strong>tigerat,</strong></span> <span class='ocrx_word' id='word_1_238' title='bbox 520 3510 581 3546; x_wconf 89' lang='lat' dir='ltr'><strong>cum</strong></span> <span class='ocrx_word' id='word_1_239' title='bbox 594 3492 752 3544; x_wconf 88' lang='lat' dir='ltr'><strong>solennitate</strong></span> <span class='ocrx_word' id='word_1_240' title='bbox 764 3486 844 3558; x_wconf 87' lang='lat' dir='ltr'><strong>hujus</strong></span> <span class='ocrx_word' id='word_1_241' title='bbox 858 3488 896 3540; x_wconf 87' lang='lat' dir='ltr'><strong>fe·</strong></span> <span class='ocrx_word' id='word_1_242' title='bbox 944 3489 1050 3541; x_wconf 76' lang='lat' dir='ltr'><strong>«Natus</strong></span> <span class='ocrx_word' id='word_1_243' title='bbox 1060 3487 1443 3560; x_wconf 65' lang='lat' dir='ltr'><strong>eratdqricoln,CaioCresare</strong></span> 
     </span>
     <span class='ocr_line' id='line_1_31' title="bbox 394 3566 1388 3645; baseline -0.009 -18"><span class='ocrx_word' id='word_1_244' title='bbox 394 3577 427 3628; x_wconf 88' lang='lat' dir='ltr'><strong>sti</strong></span> <span class='ocrx_word' id='word_1_245' title='bbox 446 3576 624 3645; x_wconf 61' lang='lat' dir='ltr'><strong>conjunctum</strong></span> <span class='ocrx_word' id='word_1_246' title='bbox 645 3572 710 3637; x_wconf 91' lang='lat' dir='ltr'><strong>Dio,</strong></span> <span class='ocrx_word' id='word_1_247' title='bbox 732 3569 830 3634; x_wconf 83' lang='lat' dir='ltr'><strong>Xblll,</strong></span> <span class='ocrx_word' id='word_1_248' title='bbox 851 3566 894 3633; x_wconf 68' lang='lat' dir='ltr'><strong>dn.</strong></span> <span class='ocrx_word' id='word_1_249' title='bbox 941 3569 1046 3618; x_wconf 88' lang='lat' dir='ltr'><strong>tertium</strong></span> <span class='ocrx_word' id='word_1_250' title='bbox 1060 3567 1177 3620; x_wconf 82' lang='lat' dir='ltr'><strong>Consule</strong></span> <span class='ocrx_word' id='word_1_251' title='bbox 1188 3566 1255 3618; x_wconf 87' lang='lat' dir='ltr'><strong>Idib.</strong></span> <span class='ocrx_word' id='word_1_252' title='bbox 1268 3568 1364 3618; x_wconf 86' lang='lat' dir='ltr'><strong>Juniis.</strong></span> <span class='ocrx_word' id='word_1_253' title='bbox 1377 3589 1388 3612; x_wconf 85' lang='grc' dir='ltr'>ι</span> 
     </span>
     <span class='ocr_line' id='line_1_32' title="bbox 429 3645 1444 3717; baseline -0.007 -13"><span class='ocrx_word' id='word_1_254' title='bbox 429 3651 510 3704; x_wconf 78' lang='lat' dir='ltr'><strong>xvu.</strong></span> <span class='ocrx_word' id='word_1_255' title='bbox 539 3667 560 3702; x_wconf 84' lang='lat' dir='ltr'><strong>r.</strong></span> <span class='ocrx_word' id='word_1_256' title='bbox 582 3650 703 3702; x_wconf 83' lang='lat' dir='ltr'><strong>Primum</strong></span> <span class='ocrx_word' id='word_1_257' title='bbox 722 3665 754 3700; x_wconf 83' lang='lat' dir='ltr'><strong>ex</strong></span> <span class='ocrx_word' id='word_1_258' title='bbox 771 3645 898 3698; x_wconf 77' lang='lat' dir='ltr'><strong>Kalendis</strong></span> <span class='ocrx_word' id='word_1_259' title='bbox 977 3646 1003 3712; x_wconf 82' lang='grc'><strong>4.</strong></span> <span class='ocrx_word' id='word_1_260' title='bbox 1018 3647 1159 3716; x_wconf 81' lang='lat' dir='ltr'><strong>Quartum,</strong></span> <span class='ocrx_word' id='word_1_261' title='bbox 1171 3660 1222 3698; x_wconf 87' lang='lat' dir='ltr'><strong>etc.</strong></span> <span class='ocrx_word' id='word_1_262' title='bbox 1233 3648 1303 3699; x_wconf 81' lang='lat' dir='ltr'><strong>Ann.</strong></span> <span class='ocrx_word' id='word_1_263' title='bbox 1316 3646 1444 3717; x_wconf 69' lang='lat' dir='ltr'><strong>79lsq¹¹⁰</strong></span> 
     </span>
     <span class='ocr_line' id='line_1_33' title="bbox 394 3725 1266 3800; baseline -0.009 -16"><span class='ocrx_word' id='word_1_264' title='bbox 394 3729 489 3796; x_wconf 74' lang='lat' dir='ltr'><strong>Iuliis,</strong></span> <span class='ocrx_word' id='word_1_265' title='bbox 507 3745 557 3782; x_wconf 86' lang='lat' dir='ltr'><strong>eto.</strong></span> <span class='ocrx_word' id='word_1_266' title='bbox 577 3730 647 3781; x_wconf 79' lang='lat' dir='ltr'><strong>Ann.</strong></span> <span class='ocrx_word' id='word_1_267' title='bbox 666 3747 725 3800; x_wconf 88' lang='lat'><strong>79⁰·</strong></span> <span class='ocrx_word' id='word_1_268' title='bbox 747 3729 806 3779; x_wconf 89' lang='lat' dir='ltr'><strong>lniit</strong></span> <span class='ocrx_word' id='word_1_269' title='bbox 825 3725 897 3778; x_wconf 86' lang='lat' dir='ltr'><strong>hune</strong></span> <span class='ocrx_word' id='word_1_270' title='bbox 940 3728 1019 3796; x_wconf 89' lang='lat' dir='ltr'><strong>periit</strong></span> <span class='ocrx_word' id='word_1_271' title='bbox 1029 3745 1117 3779; x_wconf 88' lang='lat' dir='ltr'><strong>mense</strong></span> <span class='ocrx_word' id='word_1_272' title='bbox 1126 3727 1266 3778; x_wconf 80' lang='lat' dir='ltr'><strong>ianuario.</strong></span> 
     </span>
     <span class='ocr_line' id='line_1_34' title="bbox 395 3799 1445 3874; baseline -0.01 -11"><span class='ocrx_word' id='word_1_273' title='bbox 395 3809 565 3864; x_wconf 87' lang='lat' dir='ltr'><strong>consulatum</strong></span> <span class='ocrx_word' id='word_1_274' title='bbox 588 3806 715 3861; x_wconf 79' lang='lat' dir='ltr'><strong>Kalendis</strong></span> <span class='ocrx_word' id='word_1_275' title='bbox 738 3803 818 3858; x_wconf 82' lang='lat' dir='ltr'><strong>Juliis</strong></span> <span class='ocrx_word' id='word_1_276' title='bbox 843 3804 897 3874; x_wconf 83' lang='lat' dir='ltr'><strong>(ita</strong></span> <span class='ocrx_word' id='word_1_277' title='bbox 978 3804 1003 3856; x_wconf 86' lang='lat'><strong>5.</strong></span> <span class='ocrx_word' id='word_1_278' title='bbox 1022 3799 1445 3874; x_wconf 72' lang='lat' dir='ltr'><strong>Exomnibus....conjunxit,·id</strong></span> 
     </span>
     <span class='ocr_line' id='line_1_35' title="bbox 395 3878 1446 3954; baseline -0.012 -11"><span class='ocrx_word' id='word_1_279' title='bbox 395 3891 465 3948; x_wconf 85' lang='lat' dir='ltr'><strong>enim</strong></span> <span class='ocrx_word' id='word_1_280' title='bbox 480 3891 650 3942; x_wconf 87' lang='lat' dir='ltr'><strong>restituerunt</strong></span> <span class='ocrx_word' id='word_1_281' title='bbox 665 3905 679 3938; x_wconf 88' lang='lat' dir='ltr'><strong>e</strong></span> <span class='ocrx_word' id='word_1_282' title='bbox 696 3883 769 3940; x_wconf 85' lang='lat' dir='ltr'>MSS.</span> <span class='ocrx_word' id='word_1_283' title='bbox 783 3887 897 3937; x_wconf 83' lang='lat' dir='ltr'><strong>Torren-</strong></span> <span class='ocrx_word' id='word_1_284' title='bbox 942 3896 998 3948; x_wconf 86' lang='lat' dir='ltr'><strong>est,</strong></span> <span class='ocrx_word' id='word_1_285' title='bbox 1016 3883 1195 3948; x_wconf 81' lang='lat' dir='ltr'><strong>continuavit,</strong></span> <span class='ocrx_word' id='word_1_286' title='bbox 1214 3896 1245 3933; x_wconf 88' lang='lat' dir='ltr'><strong>ut</strong></span> <span class='ocrx_word' id='word_1_287' title='bbox 1262 3884 1378 3954; x_wconf 78' lang='lat' dir='ltr'><strong>August.</strong></span> <span class='ocrx_word' id='word_1_288' title='bbox 1398 3878 1446 3945; x_wconf 79' lang='lat'><strong>26,</strong></span> 
     </span>
     <span class='ocr_line' id='line_1_36' title="bbox 390 3960 1445 4038; baseline -0.01 -17"><span class='ocrx_word' id='word_1_289' title='bbox 390 3972 446 4022; x_wconf 84' lang='lat' dir='ltr'><strong>tius</strong></span> <span class='ocrx_word' id='word_1_290' title='bbox 460 3981 488 4021; x_wconf 88' lang='lat' dir='ltr'><strong>et</strong></span> <span class='ocrx_word' id='word_1_291' title='bbox 503 3967 615 4020; x_wconf 84' lang='lat' dir='ltr'><strong>Cassub.</strong></span> <span class='ocrx_word' id='word_1_292' title='bbox 631 3986 681 4038; x_wconf 92' lang='lat' dir='ltr'><strong>pro</strong></span> <span class='ocrx_word' id='word_1_293' title='bbox 693 3968 785 4037; x_wconf 88' lang='lat' dir='ltr'><strong>inepto</strong></span> <span class='ocrx_word' id='word_1_294' title='bbox 796 3967 897 4017; x_wconf 73' lang='lat' dir='ltr'><strong>Janna»</strong></span> <span class='ocrx_word' id='word_1_295' title='bbox 941 3961 982 4014; x_wconf 85' lang='lat' dir='ltr'><strong>vel</strong></span> <span class='ocrx_word' id='word_1_296' title='bbox 983 3964 1098 4035; x_wconf 84' lang='lat' dir='ltr'><strong>junctim</strong></span> <span class='ocrx_word' id='word_1_297' title='bbox 1104 3964 1181 4036; x_wconf 68' lang='lat' dir='ltr'><strong>pessit</strong></span> <span class='ocrx_word' id='word_1_298' title='bbox 1186 3962 1336 4028; x_wconf 83' lang='lat' dir='ltr'><strong>,utCleud</strong></span> <span class='ocrx_word' id='word_1_299' title='bbox 1349 3960 1445 4030; x_wconf 66' lang='lat' dir='ltr'><strong>il,nbi</strong></span> 
     </span>
     <span class='ocr_line' id='line_1_37' title="bbox 394 4039 1445 4119; baseline -0.009 -20"><span class='ocrx_word' id='word_1_300' title='bbox 394 4045 470 4119; x_wconf 86' lang='lat' dir='ltr'><strong>riis),</strong></span> <span class='ocrx_word' id='word_1_301' title='bbox 490 4047 616 4116; x_wconf 88' lang='lat' dir='ltr'><strong>qnoniam</strong></span> <span class='ocrx_word' id='word_1_302' title='bbox 637 4047 662 4094; x_wconf 83' lang='lat' dir='ltr'><strong>in</strong></span> <span class='ocrx_word' id='word_1_303' title='bbox 681 4046 755 4114; x_wconf 80' lang='lat' dir='ltr'><strong>prius</strong></span> <span class='ocrx_word' id='word_1_304' title='bbox 775 4056 897 4095; x_wconf 83' lang='lat' dir='ltr'><strong>semestre</strong></span> <span class='ocrx_word' id='word_1_305' title='bbox 943 4043 1089 4111; x_wconf 88' lang='lat' dir='ltr'><strong>opponitur</strong></span> <span class='ocrx_word' id='word_1_306' title='bbox 1104 4061 1152 4113; x_wconf 82' lang='lat' dir='ltr'><strong>per</strong></span> <span class='ocrx_word' id='word_1_307' title='bbox 1168 4039 1350 4093; x_wconf 82' lang='lat' dir='ltr'><strong>interuallum.</strong></span> <span class='ocrx_word' id='word_1_308' title='bbox 1373 4041 1445 4092; x_wconf 80' lang='lat' dir='ltr'><strong>Patet</strong></span> 
     </span>
     <span class='ocr_line' id='line_1_38' title="bbox 396 4119 1445 4197; baseline -0.008 -19"><span class='ocrx_word' id='word_1_309' title='bbox 396 4137 556 4197; x_wconf 79' lang='lat' dir='ltr'><strong>acceperant</strong></span> <span class='ocrx_word' id='word_1_310' title='bbox 564 4122 691 4177; x_wconf 87' lang='lat' dir='ltr'><strong>ordinarii</strong></span> <span class='ocrx_word' id='word_1_311' title='bbox 698 4121 840 4187; x_wconf 84' lang='lat' dir='ltr'><strong>Consules,</strong></span> <span class='ocrx_word' id='word_1_312' title='bbox 849 4121 897 4173; x_wconf 87' lang='lat' dir='ltr'><strong>Cn.</strong></span> <span class='ocrx_word' id='word_1_313' title='bbox 943 4133 1049 4186; x_wconf 86' lang='lat' dir='ltr'><strong>autern,</strong></span> <span class='ocrx_word' id='word_1_314' title='bbox 1062 4133 1110 4174; x_wconf 87' lang='lat' dir='ltr'><strong>tres</strong></span> <span class='ocrx_word' id='word_1_315' title='bbox 1121 4122 1279 4174; x_wconf 82' lang='lat' dir='ltr'><strong>novissimos</strong></span> <span class='ocrx_word' id='word_1_316' title='bbox 1292 4119 1445 4173; x_wconf 84' lang='lat' dir='ltr'><strong>consulatus</strong></span> 
     </span>
     <span class='ocr_line' id='line_1_39' title="bbox 396 4200 1446 4271; baseline -0.003 -15"><span class='ocrx_word' id='word_1_317' title='bbox 396 4207 557 4258; x_wconf 80' lang='lat' dir='ltr'><strong>Acerronius</strong></span> <span class='ocrx_word' id='word_1_318' title='bbox 569 4201 697 4255; x_wconf 79' lang='lat' dir='ltr'><strong>Proculus</strong></span> <span class='ocrx_word' id='word_1_319' title='bbox 710 4216 736 4254; x_wconf 89' lang='lat' dir='ltr'><strong>et</strong></span> <span class='ocrx_word' id='word_1_320' title='bbox 749 4203 778 4254; x_wconf 92' lang='lat' dir='ltr'><strong>C.</strong></span> <span class='ocrx_word' id='word_1_321' title='bbox 790 4203 898 4253; x_wconf 84' lang='lat' dir='ltr'><strong>Pontius</strong></span> <span class='ocrx_word' id='word_1_322' title='bbox 943 4219 1005 4252; x_wconf 89' lang='lat' dir='ltr'><strong>eum</strong></span> <span class='ocrx_word' id='word_1_323' title='bbox 1018 4203 1204 4271; x_wconf 83' lang='lat' dir='ltr'><strong>conjunxisse,</strong></span> <span class='ocrx_word' id='word_1_324' title='bbox 1220 4200 1291 4254; x_wconf 85' lang='lat' dir='ltr'><strong>undo</strong></span> <span class='ocrx_word' id='word_1_325' title='bbox 1305 4203 1379 4254; x_wconf 84' lang='lat' dir='ltr'><strong>varie</strong></span> <span class='ocrx_word' id='word_1_326' title='bbox 1393 4219 1446 4253; x_wconf 84' lang='lat' dir='ltr'><strong>me·</strong></span> 
     </span>
     <span class='ocr_line' id='line_1_40' title="bbox 397 4278 1447 4357; baseline -0.006 -21"><span class='ocrx_word' id='word_1_327' title='bbox 397 4283 537 4354; x_wconf 72' lang='lat' dir='ltr'><strong>Nigrinus,</strong></span> <span class='ocrx_word' id='word_1_328' title='bbox 552 4282 648 4357; x_wconf 85' lang='lat' dir='ltr'><strong>quibus</strong></span> <span class='ocrx_word' id='word_1_329' title='bbox 663 4281 779 4350; x_wconf 67' lang='lat' dir='ltr'><strong>legitimo</strong></span> <span class='ocrx_word' id='word_1_330' title='bbox 791 4278 898 4332; x_wconf 87' lang='lat' dir='ltr'><strong>demum</strong></span> <span class='ocrx_word' id='word_1_331' title='bbox 943 4279 999 4332; x_wconf 88' lang='lat' dir='ltr'><strong>deri</strong></span> <span class='ocrx_word' id='word_1_332' title='bbox 1022 4283 1111 4333; x_wconf 82' lang='lat' dir='ltr'><strong>eonati</strong></span> <span class='ocrx_word' id='word_1_333' title='bbox 1131 4295 1193 4334; x_wconf 84' lang='lat' dir='ltr'><strong>sunt</strong></span> <span class='ocrx_word' id='word_1_334' title='bbox 1214 4281 1278 4334; x_wconf 87' lang='lat' dir='ltr'><strong>buic</strong></span> <span class='ocrx_word' id='word_1_335' title='bbox 1297 4280 1447 4336; x_wconf 83' lang='lat' dir='ltr'><strong>difficultati</strong></span> 
     </span>
    </p>
   </div>
   <div class='ocr_carea' id='block_1_6' title="bbox 0 0 1558 5148">
    <p class='ocr_par' dir='ltr' id='par_1_6' title="bbox 0 0 1558 5148">
     <span class='ocr_line' id='line_1_41' title="bbox 0 0 1558 5148; baseline 0 0"><span class='ocrx_word' id='word_1_336' title='bbox 0 0 1558 5148; x_wconf 95' lang='lat' dir='ltr'><strong> </strong></span> 
     </span>
    </p>
   </div>
  </div>
 </body>
</html>
