<?xml version="1.0" encoding="UTF-8"?>
<!DOCTYPE html PUBLIC "-//W3C//DTD XHTML 1.0 Transitional//EN"
    "http://www.w3.org/TR/xhtml1/DTD/xhtml1-transitional.dtd">
<html xmlns="http://www.w3.org/1999/xhtml" xml:lang="en" lang="en">
 <head>
  <title>
</title>
<meta http-equiv="Content-Type" content="text/html;charset=utf-8" />
  <meta name='ocr-system' content='tesseract 3.04.00' />
  <meta name='ocr-capabilities' content='ocr_page ocr_carea ocr_par ocr_line ocrx_word'/>
</head>
<body>
  <div class='ocr_page' id='page_1' title='image "./csuetoniitranqu00suetgoog_0426.png"; bbox 0 0 3076 5146; ppageno 0'>
   <div class='ocr_carea' id='block_1_1' title="bbox 292 579 305 620">
    <p class='ocr_par' dir='ltr' id='par_1_1' title="bbox 292 579 305 620">
     <span class='ocr_line' id='line_1_1' title="bbox 292 579 305 620; baseline 0 0"><span class='ocrx_word' id='word_1_1' title='bbox 292 579 305 620; x_wconf 71' lang='lat' dir='ltr'>l</span> 
     </span>
    </p>
   </div>
   <div class='ocr_carea' id='block_1_2' title="bbox 390 523 1053 590">
    <p class='ocr_par' dir='ltr' id='par_1_2' title="bbox 390 523 1053 590">
     <span class='ocr_line' id='line_1_2' title="bbox 390 523 1053 590; baseline 0.005 -4"><span class='ocrx_word' id='word_1_2' title='bbox 390 523 455 586; x_wconf 87' lang='grc'>388</span> <span class='ocrx_word' id='word_1_3' title='bbox 760 525 794 585; x_wconf 90' lang='lat' dir='ltr'>C.</span> <span class='ocrx_word' id='word_1_4' title='bbox 822 524 1053 590; x_wconf 78' lang='lat' dir='ltr'>suuTonn</span> 
     </span>
    </p>
   </div>
   <div class='ocr_carea' id='block_1_3' title="bbox 378 650 1431 753">
    <p class='ocr_par' dir='ltr' id='par_1_3' title="bbox 378 650 1431 753">
     <span class='ocr_line' id='line_1_3' title="bbox 378 650 1431 753; baseline 0.007 -33"><span class='ocrx_word' id='word_1_5' title='bbox 378 677 463 753; x_wconf 79' lang='lat' dir='ltr'>sum</span> <span class='ocrx_word' id='word_1_6' title='bbox 482 667 587 734; x_wconf 87' lang='lat' dir='ltr'>esset,</span> <span class='ocrx_word' id='word_1_7' title='bbox 606 650 816 719; x_wconf 87' lang='lat' dir='ltr'>ordinatione</span> <span class='ocrx_word' id='word_1_8' title='bbox 835 655 988 746; x_wconf 85' lang='lat' dir='ltr'>proxima</span> <span class='ocrx_word' id='word_1_9' title='bbox 1007 660 1149 748; x_wconf 77' lang='lat' dir='ltr'>AEgypto</span> <span class='ocrx_word' id='word_1_10' title='bbox 1167 658 1335 749; x_wconf 82' lang='lat' dir='ltr'>praelicere</span> <span class='ocrx_word' id='word_1_11' title='bbox 1354 665 1431 727; x_wconf 84' lang='lat' dir='ltr'>Mao-</span> 
     </span>
    </p>
   </div>
   <div class='ocr_carea' id='block_1_4' title="bbox 385 762 1429 861">
    <p class='ocr_par' dir='ltr' id='par_1_4' title="bbox 385 762 1429 861">
     <span class='ocr_line' id='line_1_4' title="bbox 385 762 1429 861; baseline 0.005 -29"><span class='ocrx_word' id='word_1_12' title='bbox 385 768 476 832; x_wconf 89' lang='lat' dir='ltr'>cium</span> <span class='ocrx_word' id='word_1_13' title='bbox 499 763 664 830; x_wconf 75' lang='lat' dir='ltr'>Rufum.»</span> <span class='ocrx_word' id='word_1_14' title='bbox 695 762 806 830; x_wconf 87' lang='lat' dir='ltr'>Edidit</span> <span class='ocrx_word' id='word_1_15' title='bbox 831 764 966 832; x_wconf 85' lang='lat' dir='ltr'>navales</span> <span class='ocrx_word' id='word_1_16' title='bbox 993 791 1123 858; x_wconf 79' lang='lat' dir='ltr'>pugnas</span> <span class='ocrx_word' id='word_1_17' title='bbox 1147 791 1242 861; x_wconf 85' lang='lat' dir='ltr'>paene</span> <span class='ocrx_word' id='word_1_18' title='bbox 1261 767 1429 861; x_wconf 86' lang='lat' dir='ltr'>justarum</span> 
     </span>
    </p>
   </div>
   <div class='ocr_carea' id='block_1_5' title="bbox 349 871 1427 968">
    <p class='ocr_par' dir='ltr' id='par_1_5' title="bbox 349 871 1427 968">
     <span class='ocr_line' id='line_1_5' title="bbox 349 871 1427 968; baseline 0.008 -31"><span class='ocrx_word' id='word_1_19' title='bbox 349 933 351 937; x_wconf 87' lang='lat'>.</span> <span class='ocrx_word' id='word_1_20' title='bbox 386 875 561 955; x_wconf 88' lang='lat' dir='ltr'>classium,</span> <span class='ocrx_word' id='word_1_21' title='bbox 579 871 701 939; x_wconf 85' lang='lat' dir='ltr'>effosso</span> <span class='ocrx_word' id='word_1_22' title='bbox 718 888 751 938; x_wconf 87' lang='lat' dir='ltr'>et</span> <span class='ocrx_word' id='word_1_23' title='bbox 767 875 1023 942; x_wconf 87' lang='lat' dir='ltr'>circumstructo</span> <span class='ocrx_word' id='word_1_24' title='bbox 1040 875 1137 968; x_wconf 85' lang='lat' dir='ltr'>juxta</span> <span class='ocrx_word' id='word_1_25' title='bbox 1151 878 1301 945; x_wconf 82' lang='lat' dir='ltr'>Tiberim</span> <span class='ocrx_word' id='word_1_26' title='bbox 1316 876 1427 946; x_wconf 79' lang='lat' dir='ltr'>⁸lacu:</span> 
     </span>
    </p>
   </div>
   <div class='ocr_carea' id='block_1_6' title="bbox 385 983 1430 1629">
    <p class='ocr_par' dir='ltr' id='par_1_6' title="bbox 385 983 1430 1629">
     <span class='ocr_line' id='line_1_6' title="bbox 386 983 1429 1078; baseline 0.003 -25"><span class='ocrx_word' id='word_1_27' title='bbox 386 1001 487 1078; x_wconf 88' lang='lat' dir='ltr'>atque</span> <span class='ocrx_word' id='word_1_28' title='bbox 500 986 587 1050; x_wconf 86' lang='lat' dir='ltr'>inter</span> <span class='ocrx_word' id='word_1_29' title='bbox 600 985 763 1049; x_wconf 82' lang='lat' dir='ltr'>niaximos</span> <span class='ocrx_word' id='word_1_30' title='bbox 776 983 901 1052; x_wconf 84' lang='lat' dir='ltr'><strong>imbres</strong></span> <span class='ocrx_word' id='word_1_31' title='bbox 913 989 1166 1078; x_wconf 78' lang='lat' dir='ltr'>perspectavit9.</span> <span class='ocrx_word' id='word_1_32' title='bbox 1184 989 1274 1054; x_wconf 83' lang='lat' dir='ltr'>Fecit</span> <span class='ocrx_word' id='word_1_33' title='bbox 1285 1003 1320 1054; x_wconf 91' lang='lat' dir='ltr'>et</span> <span class='ocrx_word' id='word_1_34' title='bbox 1334 986 1429 1056; x_wconf 89' lang='lat' dir='ltr'>ludos</span> 
     </span>
     <span class='ocr_line' id='line_1_7' title="bbox 387 1094 1430 1187; baseline 0.004 -25"><span class='ocrx_word' id='word_1_35' title='bbox 387 1094 554 1162; x_wconf 88' lang='lat' dir='ltr'>seculares</span> <span class='ocrx_word' id='word_1_36' title='bbox 564 1104 600 1174; x_wconf 90' lang='lat'>¹⁰,</span> <span class='ocrx_word' id='word_1_37' title='bbox 618 1109 810 1184; x_wconf 87' lang='lat' dir='ltr'>computata</span> <span class='ocrx_word' id='word_1_38' title='bbox 828 1096 956 1161; x_wconf 86' lang='lat' dir='ltr'>rationo</span> <span class='ocrx_word' id='word_1_39' title='bbox 972 1111 1164 1187; x_wconf 87' lang='lat' dir='ltr'>temporum</span> <span class='ocrx_word' id='word_1_40' title='bbox 1182 1097 1225 1166; x_wconf 83' lang='lat' dir='ltr'>ab</span> <span class='ocrx_word' id='word_1_41' title='bbox 1241 1121 1348 1180; x_wconf 88' lang='lat' dir='ltr'>anno,</span> <span class='ocrx_word' id='word_1_42' title='bbox 1362 1121 1430 1166; x_wconf 89' lang='lat' dir='ltr'>non</span> 
     </span>
     <span class='ocr_line' id='line_1_8' title="bbox 386 1181 1427 1299; baseline 0.004 -28"><span class='ocrx_word' id='word_1_43' title='bbox 386 1228 454 1299; x_wconf 93' lang='lat' dir='ltr'>quo</span> <span class='ocrx_word' id='word_1_44' title='bbox 467 1201 626 1271; x_wconf 87' lang='lat' dir='ltr'>Claudius</span> <span class='ocrx_word' id='word_1_45' title='bbox 642 1204 808 1293; x_wconf 84' lang='lat' dir='ltr'>proxime,</span> <span class='ocrx_word' id='word_1_46' title='bbox 826 1201 885 1270; x_wconf 90' lang='lat' dir='ltr'>sed</span> <span class='ocrx_word' id='word_1_47' title='bbox 901 1227 969 1298; x_wconf 92' lang='lat' dir='ltr'>quo</span> <span class='ocrx_word' id='word_1_48' title='bbox 986 1204 1064 1271; x_wconf 91' lang='lat' dir='ltr'>olim</span> <span class='ocrx_word' id='word_1_49' title='bbox 1082 1181 1252 1297; x_wconf 76' lang='lat' dir='ltr'>Auguslus</span> <span class='ocrx_word' id='word_1_50' title='bbox 1269 1206 1427 1275; x_wconf 78' lang='lat' dir='ltr'>ediderat.</span> 
     </span>
     <span class='ocr_line' id='line_1_9' title="bbox 386 1310 1429 1420; baseline 0.005 -40"><span class='ocrx_word' id='word_1_51' title='bbox 386 1319 424 1408; x_wconf 80' lang='lat' dir='ltr'>ln</span> <span class='ocrx_word' id='word_1_52' title='bbox 437 1312 504 1396; x_wconf 91' lang='lat' dir='ltr'>his,</span> <span class='ocrx_word' id='word_1_53' title='bbox 517 1315 726 1379; x_wconf 87' lang='lat' dir='ltr'>Circensium</span> <span class='ocrx_word' id='word_1_54' title='bbox 741 1310 811 1393; x_wconf 90' lang='lat' dir='ltr'>die,</span> <span class='ocrx_word' id='word_1_55' title='bbox 831 1336 898 1406; x_wconf 93' lang='lat' dir='ltr'>quo</span> <span class='ocrx_word' id='word_1_56' title='bbox 910 1312 1038 1380; x_wconf 81' lang='lat' dir='ltr'>facilius</span> <span class='ocrx_word' id='word_1_57' title='bbox 1052 1331 1188 1381; x_wconf 90' lang='lat' dir='ltr'>centum</span> <span class='ocrx_word' id='word_1_58' title='bbox 1203 1319 1328 1420; x_wconf 81' lang='lat' dir='ltr'>missus</span> <span class='ocrx_word' id='word_1_59' title='bbox 1339 1327 1360 1354; x_wconf 91' lang='lat'>¹¹</span> <span class='ocrx_word' id='word_1_60' title='bbox 1375 1343 1429 1410; x_wconf 89' lang='lat' dir='ltr'>pe·</span> 
     </span>
     <span class='ocr_line' id='line_1_10' title="bbox 385 1421 1428 1520; baseline 0.003 -29"><span class='ocrx_word' id='word_1_61' title='bbox 385 1438 602 1517; x_wconf 79' lang='lat' dir='ltr'>regerentur,</span> <span class='ocrx_word' id='word_1_62' title='bbox 622 1421 772 1513; x_wconf 75' lang='lat' dir='ltr'>singulos</span> <span class='ocrx_word' id='word_1_63' title='bbox 794 1447 814 1488; x_wconf 88' lang='lat' dir='ltr'>a</span> <span class='ocrx_word' id='word_1_64' title='bbox 834 1427 980 1515; x_wconf 87' lang='lat' dir='ltr'>septenis</span> <span class='ocrx_word' id='word_1_65' title='bbox 1002 1428 1117 1518; x_wconf 90' lang='lat' dir='ltr'>spatiis</span> <span class='ocrx_word' id='word_1_66' title='bbox 1140 1426 1183 1492; x_wconf 89' lang='lat' dir='ltr'>ad</span> <span class='ocrx_word' id='word_1_67' title='bbox 1206 1431 1309 1520; x_wconf 89' lang='lat' dir='ltr'>quina</span> <span class='ocrx_word' id='word_1_68' title='bbox 1333 1430 1428 1494; x_wconf 88' lang='lat' dir='ltr'>corri-</span> 
     </span>
     <span class='ocr_line' id='line_1_11' title="bbox 385 1533 1427 1629; baseline 0.003 -28"><span class='ocrx_word' id='word_1_69' title='bbox 385 1538 459 1628; x_wconf 84' lang='lat' dir='ltr'>puit</span> <span class='ocrx_word' id='word_1_70' title='bbox 471 1543 505 1599; x_wconf 85' lang='lat'>¹².</span> <span class='ocrx_word' id='word_1_71' title='bbox 527 1535 675 1601; x_wconf 87' lang='lat' dir='ltr'>Instituit</span> <span class='ocrx_word' id='word_1_72' title='bbox 695 1551 728 1599; x_wconf 92' lang='lat' dir='ltr'>et</span> <span class='ocrx_word' id='word_1_73' title='bbox 747 1533 998 1628; x_wconf 82' lang='lat' dir='ltr'>quinquennale</span> <span class='ocrx_word' id='word_1_74' title='bbox 1019 1533 1221 1604; x_wconf 79' lang='lat' dir='ltr'>certamen¹³</span> <span class='ocrx_word' id='word_1_75' title='bbox 1242 1537 1427 1629; x_wconf 91' lang='lat' dir='ltr'>Capitolino</span> 
     </span>
    </p>
   </div>
   <div class='ocr_carea' id='block_1_7' title="bbox 382 1765 1427 2000">
    <p class='ocr_par' dir='ltr' id='par_1_7' title="bbox 382 1765 1427 2000">
     <span class='ocr_line' id='line_1_12' title="bbox 384 1765 1426 1840; baseline 0.006 -26"><span class='ocrx_word' id='word_1_76' title='bbox 384 1777 460 1817; x_wconf 79' lang='lat' dir='ltr'>esset.</span> <span class='ocrx_word' id='word_1_77' title='bbox 471 1790 483 1812; x_wconf 69' lang='grc' dir='ltr'><strong><em>υ</em></strong></span> <span class='ocrx_word' id='word_1_78' title='bbox 496 1795 532 1804; x_wconf 92' lang='grc'>-</span> <span class='ocrx_word' id='word_1_79' title='bbox 545 1765 680 1818; x_wconf 73' lang='lat' dir='ltr'>Ordinatio</span> <span class='ocrx_word' id='word_1_80' title='bbox 696 1780 734 1818; x_wconf 85' lang='lat' dir='ltr'>est</span> <span class='ocrx_word' id='word_1_81' title='bbox 750 1767 843 1819; x_wconf 79' lang='lat' dir='ltr'>electio</span> <span class='ocrx_word' id='word_1_82' title='bbox 856 1781 883 1819; x_wconf 92' lang='lat' dir='ltr'>et</span> <span class='ocrx_word' id='word_1_83' title='bbox 927 1770 1150 1824; x_wconf 81' lang='lat' dir='ltr'>ctumexistimant</span> <span class='ocrx_word' id='word_1_84' title='bbox 1156 1768 1278 1840; x_wconf 74' lang='lat' dir='ltr'>Scaliger,</span> <span class='ocrx_word' id='word_1_85' title='bbox 1284 1767 1318 1821; x_wconf 89' lang='lat' dir='ltr'>de</span> <span class='ocrx_word' id='word_1_86' title='bbox 1324 1766 1426 1820; x_wconf 84' lang='lat' dir='ltr'>Emend.</span> 
     </span>
     <span class='ocr_line' id='line_1_13' title="bbox 382 1845 1425 1925; baseline 0.003 -30"><span class='ocrx_word' id='word_1_87' title='bbox 382 1845 882 1919; x_wconf 77' lang='lat' dir='ltr'>constitutiopraesidumprovinciarum</span> <span class='ocrx_word' id='word_1_88' title='bbox 927 1848 1020 1919; x_wconf 84' lang='lat' dir='ltr'>Ternp.</span> <span class='ocrx_word' id='word_1_89' title='bbox 1035 1868 1096 1920; x_wconf 73' lang='lat' dir='ltr'>pag.</span> <span class='ocrx_word' id='word_1_90' title='bbox 1109 1849 1177 1914; x_wconf 70' lang='lat'>486,</span> <span class='ocrx_word' id='word_1_91' title='bbox 1191 1861 1217 1900; x_wconf 89' lang='lat' dir='ltr'>et</span> <span class='ocrx_word' id='word_1_92' title='bbox 1226 1850 1313 1899; x_wconf 62' lang='grc' dir='ltr'>θην.</span> <span class='ocrx_word' id='word_1_93' title='bbox 1326 1845 1362 1898; x_wconf 83' lang='lat' dir='ltr'>ad</span> <span class='ocrx_word' id='word_1_94' title='bbox 1374 1847 1399 1925; x_wconf 79' lang='lat' dir='ltr'>b.</span> <span class='ocrx_word' id='word_1_95' title='bbox 1409 1847 1425 1898; x_wconf 93' lang='lat' dir='ltr'>l.</span> 
     </span>
     <span class='ocr_line' id='line_1_14' title="bbox 383 1925 1427 2000; baseline 0.002 -24"><span class='ocrx_word' id='word_1_96' title='bbox 383 1925 426 1997; x_wconf 87' lang='lat' dir='ltr'>(la</span> <span class='ocrx_word' id='word_1_97' title='bbox 442 1926 603 1978; x_wconf 82' lang='lat' dir='ltr'>distribution</span> <span class='ocrx_word' id='word_1_98' title='bbox 618 1926 660 1980; x_wconf 81' lang='lat' dir='ltr'>des</span> <span class='ocrx_word' id='word_1_99' title='bbox 674 1927 801 2000; x_wconf 71' lang='lat' dir='ltr'>cbarpes).</span> <span class='ocrx_word' id='word_1_100' title='bbox 816 1928 883 1980; x_wconf 88' lang='lat' dir='ltr'>Vide</span> <span class='ocrx_word' id='word_1_101' title='bbox 928 1927 1050 1980; x_wconf 83' lang='lat' dir='ltr'>Ceterum</span> <span class='ocrx_word' id='word_1_102' title='bbox 1064 1930 1203 1994; x_wconf 85' lang='lat' dir='ltr'>conferas,</span> <span class='ocrx_word' id='word_1_103' title='bbox 1218 1945 1276 2000; x_wconf 76' lang='lat' dir='ltr'>quae</span> <span class='ocrx_word' id='word_1_104' title='bbox 1292 1926 1326 1979; x_wconf 88' lang='lat' dir='ltr'>de</span> <span class='ocrx_word' id='word_1_105' title='bbox 1340 1928 1427 1978; x_wconf 87' lang='lat' dir='ltr'>Domi·</span> 
     </span>
    </p>
   </div>
   <div class='ocr_carea' id='block_1_8' title="bbox 312 2006 1425 2077">
    <p class='ocr_par' dir='ltr' id='par_1_8' title="bbox 312 2006 1425 2077">
     <span class='ocr_line' id='line_1_15' title="bbox 312 2006 1425 2077; baseline 0.004 -25"><span class='ocrx_word' id='word_1_106' title='bbox 312 2043 315 2052; x_wconf 76' lang='grc'>,</span> <span class='ocrx_word' id='word_1_107' title='bbox 385 2007 495 2077; x_wconf 86' lang='lat' dir='ltr'>Vespas.</span> <span class='ocrx_word' id='word_1_108' title='bbox 511 2022 570 2076; x_wconf 78' lang='lat' dir='ltr'>cap,</span> <span class='ocrx_word' id='word_1_109' title='bbox 588 2006 629 2058; x_wconf 80' lang='lat'>23.</span> <span class='ocrx_word' id='word_1_110' title='bbox 929 2008 993 2058; x_wconf 84' lang='lat' dir='ltr'>tiani</span> <span class='ocrx_word' id='word_1_111' title='bbox 1003 2010 1081 2061; x_wconf 87' lang='lat' dir='ltr'>etiam</span> <span class='ocrx_word' id='word_1_112' title='bbox 1094 2008 1162 2060; x_wconf 88' lang='lat' dir='ltr'>ludis</span> <span class='ocrx_word' id='word_1_113' title='bbox 1172 2006 1339 2059; x_wconf 86' lang='lat' dir='ltr'>secularibus</span> <span class='ocrx_word' id='word_1_114' title='bbox 1346 2008 1425 2058; x_wconf 86' lang='lat' dir='ltr'>Tacit.</span> 
     </span>
    </p>
   </div>
   <div class='ocr_carea' id='block_1_9' title="bbox 384 2083 1428 2472">
    <p class='ocr_par' dir='ltr' id='par_1_9' title="bbox 384 2083 1428 2391">
     <span class='ocr_line' id='line_1_16' title="bbox 419 2083 1428 2156; baseline 0 -20"><span class='ocrx_word' id='word_1_115' title='bbox 419 2085 444 2136; x_wconf 84' lang='lat'>8.</span> <span class='ocrx_word' id='word_1_116' title='bbox 463 2083 606 2155; x_wconf 64' lang='lat' dir='ltr'>Effusa...</span> <span class='ocrx_word' id='word_1_117' title='bbox 625 2083 692 2135; x_wconf 85' lang='lat' dir='ltr'>lacu.</span> <span class='ocrx_word' id='word_1_118' title='bbox 711 2084 811 2155; x_wconf 84' lang='lat' dir='ltr'>Xiphil.</span> <span class='ocrx_word' id='word_1_119' title='bbox 825 2085 842 2135; x_wconf 94' lang='lat' dir='ltr'>l.</span> <span class='ocrx_word' id='word_1_120' title='bbox 859 2105 882 2136; x_wconf 90' lang='lat' dir='ltr'>c.</span> <span class='ocrx_word' id='word_1_121' title='bbox 928 2085 1022 2138; x_wconf 83' lang='lat' dir='ltr'>Annal.</span> <span class='ocrx_word' id='word_1_122' title='bbox 1040 2087 1092 2152; x_wconf 81' lang='lat' dir='ltr'>xl,</span> <span class='ocrx_word' id='word_1_123' title='bbox 1111 2103 1154 2153; x_wconf 80' lang='grc' dir='ltr'>ιι,</span> <span class='ocrx_word' id='word_1_124' title='bbox 1171 2087 1216 2156; x_wconf 92' lang='lat' dir='ltr'>qui</span> <span class='ocrx_word' id='word_1_125' title='bbox 1232 2085 1428 2152; x_wconf 80' lang='lat' dir='ltr'>Quindecimvi·</span> 
     </span>
     <span class='ocr_line' id='line_1_17' title="bbox 385 2161 1426 2237; baseline 0.005 -26"><span class='ocrx_word' id='word_1_126' title='bbox 385 2163 409 2213; x_wconf 84' lang='lat' dir='ltr'>in</span> <span class='ocrx_word' id='word_1_127' title='bbox 426 2181 493 2216; x_wconf 80' lang='lat' dir='ltr'>rrovo</span> <span class='ocrx_word' id='word_1_128' title='bbox 509 2162 565 2215; x_wconf 88' lang='lat' dir='ltr'>loco</span> <span class='ocrx_word' id='word_1_129' title='bbox 581 2161 767 2214; x_wconf 82' lang='lat' dir='ltr'>naumachiam</span> <span class='ocrx_word' id='word_1_130' title='bbox 782 2161 883 2215; x_wconf 88' lang='lat' dir='ltr'>exhibi-</span> <span class='ocrx_word' id='word_1_131' title='bbox 929 2184 987 2216; x_wconf 89' lang='lat' dir='ltr'>rum</span> <span class='ocrx_word' id='word_1_132' title='bbox 997 2167 1189 2237; x_wconf 82' lang='lat' dir='ltr'>Praetoremque</span> <span class='ocrx_word' id='word_1_133' title='bbox 1199 2167 1229 2216; x_wconf 90' lang='lat' dir='ltr'>iis</span> <span class='ocrx_word' id='word_1_134' title='bbox 1240 2183 1268 2216; x_wconf 86' lang='lat' dir='ltr'>se</span> <span class='ocrx_word' id='word_1_135' title='bbox 1279 2165 1426 2216; x_wconf 74' lang='lat' dir='ltr'>interfuisse</span> 
     </span>
     <span class='ocr_line' id='line_1_18' title="bbox 384 2241 1028 2314; baseline 0.006 -23"><span class='ocrx_word' id='word_1_136' title='bbox 384 2257 437 2292; x_wconf 87' lang='lat' dir='ltr'>tam</span> <span class='ocrx_word' id='word_1_137' title='bbox 458 2241 529 2292; x_wconf 88' lang='lat' dir='ltr'>dicit.</span> <span class='ocrx_word' id='word_1_138' title='bbox 549 2242 651 2314; x_wconf 85' lang='lat' dir='ltr'>Nempe</span> <span class='ocrx_word' id='word_1_139' title='bbox 672 2244 786 2314; x_wconf 88' lang='lat' dir='ltr'>opponit</span> <span class='ocrx_word' id='word_1_140' title='bbox 807 2243 885 2294; x_wconf 83' lang='lat' dir='ltr'>veteri</span> <span class='ocrx_word' id='word_1_141' title='bbox 929 2258 1028 2295; x_wconf 86' lang='lat' dir='ltr'>narrat.</span> 
     </span>
     <span class='ocr_line' id='line_1_19' title="bbox 384 2319 1425 2391; baseline -0.001 -21"><span class='ocrx_word' id='word_1_142' title='bbox 384 2320 562 2381; x_wconf 65' lang='lat' dir='ltr'>naumachiae,</span> <span class='ocrx_word' id='word_1_143' title='bbox 576 2319 609 2373; x_wconf 89' lang='lat' dir='ltr'>de</span> <span class='ocrx_word' id='word_1_144' title='bbox 622 2339 674 2391; x_wconf 86' lang='lat' dir='ltr'>qua</span> <span class='ocrx_word' id='word_1_145' title='bbox 686 2320 746 2372; x_wconf 86' lang='lat' dir='ltr'>vide</span> <span class='ocrx_word' id='word_1_146' title='bbox 758 2323 809 2372; x_wconf 90' lang='lat' dir='ltr'>Tit.</span> <span class='ocrx_word' id='word_1_147' title='bbox 823 2337 846 2390; x_wconf 91' lang='lat'>7.</span> <span class='ocrx_word' id='word_1_148' title='bbox 967 2339 1007 2372; x_wconf 80' lang='grc' dir='ltr'>ιι.</span> <span class='ocrx_word' id='word_1_149' title='bbox 1020 2322 1127 2372; x_wconf 71' lang='lat' dir='ltr'>Ceratum</span> <span class='ocrx_word' id='word_1_150' title='bbox 1138 2321 1239 2382; x_wconf 62' lang='lat' dir='ltr'>miserm</span> <span class='ocrx_word' id='word_1_151' title='bbox 1248 2319 1276 2370; x_wconf 82' lang='lat' dir='ltr'>li.</span> <span class='ocrx_word' id='word_1_152' title='bbox 1288 2338 1312 2371; x_wconf 84' lang='lat' dir='ltr'>e.</span> <span class='ocrx_word' id='word_1_153' title='bbox 1324 2333 1425 2371; x_wconf 83' lang='lat' dir='ltr'>centum</span> 
     </span>
    </p>

    <p class='ocr_par' dir='ltr' id='par_1_10' title="bbox 420 2397 1426 2472">
     <span class='ocr_line' id='line_1_20' title="bbox 420 2397 1426 2472; baseline -0.003 -22"><span class='ocrx_word' id='word_1_154' title='bbox 420 2399 884 2472; x_wconf 82' lang='lat' dir='ltr'>9.Atque...perspectavit;adlinem</span> <span class='ocrx_word' id='word_1_155' title='bbox 930 2399 1062 2452; x_wconf 79' lang='lat' dir='ltr'>curricula</span> <span class='ocrx_word' id='word_1_156' title='bbox 1089 2399 1215 2470; x_wconf 82' lang='lat' dir='ltr'>deinceps</span> <span class='ocrx_word' id='word_1_157' title='bbox 1241 2419 1255 2450; x_wconf 93' lang='lat' dir='ltr'>e</span> <span class='ocrx_word' id='word_1_158' title='bbox 1281 2397 1426 2450; x_wconf 75' lang='lat' dir='ltr'>carceribus</span> 
     </span>
    </p>
   </div>
   <div class='ocr_carea' id='block_1_10' title="bbox 358 2476 1426 2549">
    <p class='ocr_par' dir='ltr' id='par_1_11' title="bbox 358 2476 1426 2549">
     <span class='ocr_line' id='line_1_21' title="bbox 358 2476 1426 2549; baseline 0.002 -23"><span class='ocrx_word' id='word_1_159' title='bbox 358 2493 365 2504; x_wconf 81' lang='grc'><em>·</em></span> <span class='ocrx_word' id='word_1_160' title='bbox 384 2495 468 2548; x_wconf 88' lang='lat' dir='ltr'>nsque</span> <span class='ocrx_word' id='word_1_161' title='bbox 489 2489 608 2548; x_wconf 88' lang='lat' dir='ltr'>spectare</span> <span class='ocrx_word' id='word_1_162' title='bbox 631 2480 814 2549; x_wconf 85' lang='lat' dir='ltr'>perseveravit.</span> <span class='ocrx_word' id='word_1_163' title='bbox 835 2480 885 2528; x_wconf 91' lang='lat' dir='ltr'>lm·</span> <span class='ocrx_word' id='word_1_164' title='bbox 929 2482 1111 2532; x_wconf 82' lang='lat' dir='ltr'>emitterentur</span> <span class='ocrx_word' id='word_1_165' title='bbox 1124 2479 1274 2531; x_wconf 88' lang='lat' dir='ltr'>obcentum</span> <span class='ocrx_word' id='word_1_166' title='bbox 1289 2476 1426 2530; x_wconf 79' lang='lat' dir='ltr'>seculiari-</span> 
     </span>
    </p>
   </div>
   <div class='ocr_carea' id='block_1_11' title="bbox 383 2554 1427 3418">
    <p class='ocr_par' dir='ltr' id='par_1_12' title="bbox 383 2554 1426 2788">
     <span class='ocr_line' id='line_1_22' title="bbox 384 2554 1426 2629; baseline -0.002 -23"><span class='ocrx_word' id='word_1_167' title='bbox 384 2557 443 2607; x_wconf 77' lang='lat' dir='ltr'>lires</span> <span class='ocrx_word' id='word_1_168' title='bbox 467 2570 595 2623; x_wconf 74' lang='lat' dir='ltr'>memorat</span> <span class='ocrx_word' id='word_1_169' title='bbox 614 2557 692 2606; x_wconf 84' lang='lat' dir='ltr'>etiam</span> <span class='ocrx_word' id='word_1_170' title='bbox 713 2554 840 2626; x_wconf 90' lang='lat' dir='ltr'>Xiphilin.</span> <span class='ocrx_word' id='word_1_171' title='bbox 859 2569 886 2607; x_wconf 85' lang='lat' dir='ltr'>et</span> <span class='ocrx_word' id='word_1_172' title='bbox 930 2577 991 2624; x_wconf 88' lang='lat' dir='ltr'>nos,</span> <span class='ocrx_word' id='word_1_173' title='bbox 1007 2577 1087 2629; x_wconf 91' lang='lat' dir='ltr'>quum</span> <span class='ocrx_word' id='word_1_174' title='bbox 1101 2558 1324 2627; x_wconf 76' lang='lat' dir='ltr'>vigintiquinque</span> <span class='ocrx_word' id='word_1_175' title='bbox 1339 2555 1426 2605; x_wconf 86' lang='lat' dir='ltr'>missus</span> 
     </span>
     <span class='ocr_line' id='line_1_23' title="bbox 384 2633 1425 2705; baseline -0.003 -19"><span class='ocrx_word' id='word_1_176' title='bbox 384 2635 482 2686; x_wconf 87' lang='lat' dir='ltr'>mul-tos</span> <span class='ocrx_word' id='word_1_177' title='bbox 494 2653 526 2685; x_wconf 83' lang='lat' dir='ltr'>ex</span> <span class='ocrx_word' id='word_1_178' title='bbox 538 2637 568 2686; x_wconf 84' lang='lat' dir='ltr'>iis</span> <span class='ocrx_word' id='word_1_179' title='bbox 585 2636 706 2686; x_wconf 88' lang='lat' dir='ltr'>morbum</span> <span class='ocrx_word' id='word_1_180' title='bbox 723 2639 885 2704; x_wconf 72' lang='lat' dir='ltr'>contraxisse</span> <span class='ocrx_word' id='word_1_181' title='bbox 929 2637 993 2688; x_wconf 84' lang='lat' dir='ltr'>alias</span> <span class='ocrx_word' id='word_1_182' title='bbox 1004 2637 1038 2688; x_wconf 91' lang='lat' dir='ltr'>de</span> <span class='ocrx_word' id='word_1_183' title='bbox 1048 2655 1120 2688; x_wconf 83' lang='lat' dir='ltr'>more</span> <span class='ocrx_word' id='word_1_184' title='bbox 1131 2650 1226 2688; x_wconf 86' lang='lat' dir='ltr'>essent.</span> <span class='ocrx_word' id='word_1_185' title='bbox 1237 2635 1278 2687; x_wconf 83' lang='lat' dir='ltr'>Cf.</span> <span class='ocrx_word' id='word_1_186' title='bbox 1293 2633 1425 2705; x_wconf 68' lang='lat' dir='ltr'>Bulengen</span> 
     </span>
     <span class='ocr_line' id='line_1_24' title="bbox 383 2713 1198 2788; baseline -0.002 -22"><span class='ocrx_word' id='word_1_187' title='bbox 383 2715 462 2781; x_wconf 85' lang='lat' dir='ltr'>dicit,</span> <span class='ocrx_word' id='word_1_188' title='bbox 478 2713 607 2786; x_wconf 87' lang='lat' dir='ltr'>quosdam</span> <span class='ocrx_word' id='word_1_189' title='bbox 620 2727 647 2765; x_wconf 91' lang='lat' dir='ltr'>et</span> <span class='ocrx_word' id='word_1_190' title='bbox 659 2726 783 2765; x_wconf 85' lang='lat' dir='ltr'>mortuos.</span> <span class='ocrx_word' id='word_1_191' title='bbox 798 2715 885 2765; x_wconf 82' lang='lat' dir='ltr'>Prolii-</span> <span class='ocrx_word' id='word_1_192' title='bbox 929 2716 962 2768; x_wconf 91' lang='lat' dir='ltr'>de</span> <span class='ocrx_word' id='word_1_193' title='bbox 978 2718 1068 2783; x_wconf 84' lang='lat' dir='ltr'>Circo,</span> <span class='ocrx_word' id='word_1_194' title='bbox 1083 2735 1142 2788; x_wconf 84' lang='lat' dir='ltr'>cap.</span> <span class='ocrx_word' id='word_1_195' title='bbox 1158 2715 1198 2768; x_wconf 86' lang='lat'>15.</span> 
     </span>
    </p>

    <p class='ocr_par' dir='ltr' id='par_1_13' title="bbox 383 2793 1427 3180">
     <span class='ocr_line' id='line_1_25' title="bbox 383 2793 1426 2869; baseline -0.002 -24"><span class='ocrx_word' id='word_1_196' title='bbox 383 2794 478 2847; x_wconf 85' lang='lat' dir='ltr'>buerat</span> <span class='ocrx_word' id='word_1_197' title='bbox 493 2795 562 2844; x_wconf 84' lang='lat' dir='ltr'>enirn</span> <span class='ocrx_word' id='word_1_198' title='bbox 577 2793 761 2859; x_wconf 82' lang='lat' dir='ltr'>Domitianus,</span> <span class='ocrx_word' id='word_1_199' title='bbox 776 2813 809 2845; x_wconf 85' lang='lat' dir='ltr'>ne</span> <span class='ocrx_word' id='word_1_200' title='bbox 824 2796 884 2864; x_wconf 91' lang='lat' dir='ltr'>quis</span> <span class='ocrx_word' id='word_1_201' title='bbox 968 2793 1314 2869; x_wconf 73' lang='lat' dir='ltr'>12.Sinpulos...corripuit;</span> <span class='ocrx_word' id='word_1_202' title='bbox 1324 2794 1426 2865; x_wconf 78' lang='lat' dir='ltr'>utquin</span> 
     </span>
     <span class='ocr_line' id='line_1_26' title="bbox 384 2872 1426 2948; baseline -0.002 -23"><span class='ocrx_word' id='word_1_203' title='bbox 384 2873 532 2938; x_wconf 85' lang='lat' dir='ltr'>secederet,</span> <span class='ocrx_word' id='word_1_204' title='bbox 542 2885 621 2944; x_wconf 86' lang='lat' dir='ltr'>atque</span> <span class='ocrx_word' id='word_1_205' title='bbox 629 2874 706 2923; x_wconf 89' lang='lat' dir='ltr'>etiam</span> <span class='ocrx_word' id='word_1_206' title='bbox 714 2872 839 2923; x_wconf 82' lang='lat' dir='ltr'>excubias</span> <span class='ocrx_word' id='word_1_207' title='bbox 849 2872 883 2923; x_wconf 90' lang='lat' dir='ltr'>ad</span> <span class='ocrx_word' id='word_1_208' title='bbox 929 2878 1003 2948; x_wconf 87' lang='lat' dir='ltr'>quies</span> <span class='ocrx_word' id='word_1_209' title='bbox 1014 2889 1115 2928; x_wconf 82' lang='lat' dir='ltr'>tantum</span> <span class='ocrx_word' id='word_1_210' title='bbox 1126 2873 1227 2947; x_wconf 70' lang='lat' dir='ltr'>singula</span> <span class='ocrx_word' id='word_1_211' title='bbox 1239 2872 1372 2926; x_wconf 83' lang='lat' dir='ltr'>curricula</span> <span class='ocrx_word' id='word_1_212' title='bbox 1382 2875 1426 2924; x_wconf 90' lang='lat' dir='ltr'>cir·</span> 
     </span>
     <span class='ocr_line' id='line_1_27' title="bbox 387 2951 1425 3024; baseline 0.002 -22"><span class='ocrx_word' id='word_1_213' title='bbox 387 2956 467 3005; x_wconf 88' lang='lat' dir='ltr'>imum</span> <span class='ocrx_word' id='word_1_214' title='bbox 476 2951 572 3004; x_wconf 86' lang='lat' dir='ltr'>theatri</span> <span class='ocrx_word' id='word_1_215' title='bbox 579 2965 714 3022; x_wconf 84' lang='lat' dir='ltr'>posuerat,</span> <span class='ocrx_word' id='word_1_216' title='bbox 723 2971 756 3002; x_wconf 90' lang='lat' dir='ltr'>ne</span> <span class='ocrx_word' id='word_1_217' title='bbox 763 2954 819 3024; x_wconf 90' lang='lat' dir='ltr'>quis</span> <span class='ocrx_word' id='word_1_218' title='bbox 825 2972 885 3023; x_wconf 86' lang='lat' dir='ltr'>pos·</span> <span class='ocrx_word' id='word_1_219' title='bbox 929 2973 987 3005; x_wconf 87' lang='lat' dir='ltr'>cum</span> <span class='ocrx_word' id='word_1_220' title='bbox 998 2967 1093 3007; x_wconf 85' lang='lat' dir='ltr'>metam</span> <span class='ocrx_word' id='word_1_221' title='bbox 1101 2966 1251 3024; x_wconf 78' lang='lat' dir='ltr'>agerentur,</span> <span class='ocrx_word' id='word_1_222' title='bbox 1261 2972 1317 3004; x_wconf 87' lang='lat' dir='ltr'>non</span> <span class='ocrx_word' id='word_1_223' title='bbox 1326 2955 1425 3024; x_wconf 78' lang='lat' dir='ltr'>septies,</span> 
     </span>
     <span class='ocr_line' id='line_1_28' title="bbox 385 3029 1426 3104; baseline -0.002 -22"><span class='ocrx_word' id='word_1_224' title='bbox 385 3046 425 3083; x_wconf 85' lang='lat' dir='ltr'>set</span> <span class='ocrx_word' id='word_1_225' title='bbox 439 3034 522 3100; x_wconf 83' lang='lat' dir='ltr'>exire,</span> <span class='ocrx_word' id='word_1_226' title='bbox 538 3033 595 3103; x_wconf 89' lang='lat' dir='ltr'>ipse</span> <span class='ocrx_word' id='word_1_227' title='bbox 612 3043 699 3083; x_wconf 84' lang='lat' dir='ltr'>autem</span> <span class='ocrx_word' id='word_1_228' title='bbox 716 3029 827 3082; x_wconf 90' lang='lat' dir='ltr'>subinde</span> <span class='ocrx_word' id='word_1_229' title='bbox 840 3050 884 3082; x_wconf 85' lang='lat' dir='ltr'>ve-</span> <span class='ocrx_word' id='word_1_230' title='bbox 929 3051 981 3103; x_wconf 93' lang='lat' dir='ltr'>quo</span> <span class='ocrx_word' id='word_1_231' title='bbox 994 3047 1098 3104; x_wconf 88' lang='lat' dir='ltr'>tompus</span> <span class='ocrx_word' id='word_1_232' title='bbox 1110 3031 1161 3084; x_wconf 86' lang='lat' dir='ltr'>diei</span> <span class='ocrx_word' id='word_1_233' title='bbox 1175 3031 1312 3083; x_wconf 81' lang='lat' dir='ltr'>sufficeret</span> <span class='ocrx_word' id='word_1_234' title='bbox 1323 3029 1359 3081; x_wconf 89' lang='lat' dir='ltr'>ad</span> <span class='ocrx_word' id='word_1_235' title='bbox 1372 3047 1426 3081; x_wconf 87' lang='lat' dir='ltr'>ceo·</span> 
     </span>
     <span class='ocr_line' id='line_1_29' title="bbox 385 3107 1427 3180; baseline -0.004 -19"><span class='ocrx_word' id='word_1_236' title='bbox 385 3125 450 3162; x_wconf 83' lang='lat' dir='ltr'>stem</span> <span class='ocrx_word' id='word_1_237' title='bbox 466 3110 593 3162; x_wconf 82' lang='lat' dir='ltr'>riiutabat.</span> <span class='ocrx_word' id='word_1_238' title='bbox 928 3125 984 3162; x_wconf 86' lang='lat' dir='ltr'>tum</span> <span class='ocrx_word' id='word_1_239' title='bbox 997 3112 1100 3162; x_wconf 85' lang='lat' dir='ltr'>missus.</span> <span class='ocrx_word' id='word_1_240' title='bbox 1113 3113 1152 3161; x_wconf 86' lang='lat' dir='ltr'>lta</span> <span class='ocrx_word' id='word_1_241' title='bbox 1167 3111 1296 3180; x_wconf 84' lang='lat' dir='ltr'>impensas</span> <span class='ocrx_word' id='word_1_242' title='bbox 1307 3107 1427 3180; x_wconf 81' lang='lat' dir='ltr'>corripuit</span> 
     </span>
    </p>

    <p class='ocr_par' dir='ltr' id='par_1_14' title="bbox 425 3187 1149 3261">
     <span class='ocr_line' id='line_1_30' title="bbox 425 3187 1149 3261; baseline 0 -21"><span class='ocrx_word' id='word_1_243' title='bbox 425 3207 463 3243; x_wconf 84' lang='lat' dir='ltr'>io.</span> <span class='ocrx_word' id='word_1_244' title='bbox 484 3190 556 3241; x_wconf 85' lang='lat' dir='ltr'>Fecit</span> <span class='ocrx_word' id='word_1_245' title='bbox 566 3201 591 3240; x_wconf 85' lang='lat' dir='ltr'>et</span> <span class='ocrx_word' id='word_1_246' title='bbox 603 3187 676 3240; x_wconf 82' lang='lat' dir='ltr'>ludos</span> <span class='ocrx_word' id='word_1_247' title='bbox 683 3188 818 3254; x_wconf 78' lang='lat' dir='ltr'>seculares,</span> <span class='ocrx_word' id='word_1_248' title='bbox 832 3202 881 3240; x_wconf 88' lang='lat' dir='ltr'>etc.</span> <span class='ocrx_word' id='word_1_249' title='bbox 926 3190 1016 3242; x_wconf 87' lang='lat' dir='ltr'>Tiber.</span> <span class='ocrx_word' id='word_1_250' title='bbox 1031 3210 1089 3261; x_wconf 87' lang='lat' dir='ltr'>cap.</span> <span class='ocrx_word' id='word_1_251' title='bbox 1106 3190 1149 3258; x_wconf 69' lang='grc'>34.</span> 
     </span>
    </p>

    <p class='ocr_par' dir='ltr' id='par_1_15' title="bbox 383 3266 1426 3418">
     <span class='ocr_line' id='line_1_31' title="bbox 383 3266 1426 3342; baseline -0.002 -22"><span class='ocrx_word' id='word_1_252' title='bbox 383 3272 518 3341; x_wconf 80' lang='lat' dir='ltr'>Augustus</span> <span class='ocrx_word' id='word_1_253' title='bbox 535 3288 581 3321; x_wconf 92' lang='lat' dir='ltr'>eos</span> <span class='ocrx_word' id='word_1_254' title='bbox 602 3269 700 3320; x_wconf 84' lang='lat' dir='ltr'>lecerat</span> <span class='ocrx_word' id='word_1_255' title='bbox 718 3269 748 3319; x_wconf 87' lang='grc' dir='ltr'>Α.</span> <span class='ocrx_word' id='word_1_256' title='bbox 764 3269 795 3318; x_wconf 92' lang='lat' dir='ltr'>U.</span> <span class='ocrx_word' id='word_1_257' title='bbox 817 3269 882 3338; x_wconf 79' lang='lat'>7373</span> <span class='ocrx_word' id='word_1_258' title='bbox 968 3266 1426 3342; x_wconf 70' lang='lat' dir='ltr'>13.Instituitetquinquennalem-</span> 
     </span>
     <span class='ocr_line' id='line_1_32' title="bbox 385 3346 1426 3418; baseline -0.005 -17"><span class='ocrx_word' id='word_1_259' title='bbox 385 3348 524 3412; x_wconf 86' lang='lat' dir='ltr'>Claudius,</span> <span class='ocrx_word' id='word_1_260' title='bbox 543 3367 605 3399; x_wconf 91' lang='lat' dir='ltr'>ann.</span> <span class='ocrx_word' id='word_1_261' title='bbox 624 3349 675 3400; x_wconf 80' lang='lat'>800</span> <span class='ocrx_word' id='word_1_262' title='bbox 692 3346 767 3416; x_wconf 83' lang='lat' dir='ltr'>(vide</span> <span class='ocrx_word' id='word_1_263' title='bbox 782 3346 816 3397; x_wconf 86' lang='lat' dir='ltr'>ad</span> <span class='ocrx_word' id='word_1_264' title='bbox 830 3351 884 3398; x_wconf 88' lang='lat' dir='ltr'>Au-</span> <span class='ocrx_word' id='word_1_265' title='bbox 929 3359 1016 3399; x_wconf 77' lang='lat' dir='ltr'>tanien</span> <span class='ocrx_word' id='word_1_266' title='bbox 1022 3369 1030 3408; x_wconf 89' lang='lat'>,·</span> <span class='ocrx_word' id='word_1_267' title='bbox 1041 3367 1095 3398; x_wconf 93' lang='lat' dir='ltr'>non</span> <span class='ocrx_word' id='word_1_268' title='bbox 1103 3349 1202 3418; x_wconf 88' lang='lat' dir='ltr'>primus</span> <span class='ocrx_word' id='word_1_269' title='bbox 1211 3346 1321 3415; x_wconf 85' lang='lat' dir='ltr'>quidem</span> <span class='ocrx_word' id='word_1_270' title='bbox 1328 3348 1426 3408; x_wconf 79' lang='lat' dir='ltr'>Rome,</span> 
     </span>
    </p>
   </div>
   <div class='ocr_carea' id='block_1_12' title="bbox 350 3423 1427 3498">
    <p class='ocr_par' dir='ltr' id='par_1_16' title="bbox 350 3423 1427 3498">
     <span class='ocr_line' id='line_1_33' title="bbox 350 3423 1427 3498; baseline -0.002 -20"><span class='ocrx_word' id='word_1_271' title='bbox 350 3479 354 3484; x_wconf 81' lang='grc'><em>,</em></span> <span class='ocrx_word' id='word_1_272' title='bbox 383 3440 452 3498; x_wconf 74' lang='lat' dir='ltr'>gust.</span> <span class='ocrx_word' id='word_1_273' title='bbox 469 3430 554 3493; x_wconf 86' lang='lat' dir='ltr'>3r,et</span> <span class='ocrx_word' id='word_1_274' title='bbox 568 3425 659 3479; x_wconf 88' lang='lat' dir='ltr'>Claud.</span> <span class='ocrx_word' id='word_1_275' title='bbox 680 3429 740 3496; x_wconf 82' lang='lat'>21);</span> <span class='ocrx_word' id='word_1_276' title='bbox 755 3427 884 3477; x_wconf 85' lang='lat' dir='ltr'>Domitia·</span> <span class='ocrx_word' id='word_1_277' title='bbox 930 3424 1003 3497; x_wconf 90' lang='lat' dir='ltr'>quod</span> <span class='ocrx_word' id='word_1_278' title='bbox 1016 3429 1087 3477; x_wconf 86' lang='lat' dir='ltr'>Nero</span> <span class='ocrx_word' id='word_1_279' title='bbox 1102 3429 1154 3498; x_wconf 80' lang='lat' dir='ltr'>jam</span> <span class='ocrx_word' id='word_1_280' title='bbox 1168 3426 1270 3476; x_wconf 84' lang='lat' dir='ltr'>fecerat</span> <span class='ocrx_word' id='word_1_281' title='bbox 1288 3423 1364 3495; x_wconf 84' lang='lat' dir='ltr'>(vide</span> <span class='ocrx_word' id='word_1_282' title='bbox 1378 3427 1427 3476; x_wconf 78' lang='lat' dir='ltr'>Ne-</span> 
     </span>
    </p>
   </div>
   <div class='ocr_carea' id='block_1_13' title="bbox 384 3502 1427 4293">
    <p class='ocr_par' dir='ltr' id='par_1_17' title="bbox 384 3502 1427 4293">
     <span class='ocr_line' id='line_1_34' title="bbox 385 3502 1425 3577; baseline -0.003 -21"><span class='ocrx_word' id='word_1_283' title='bbox 385 3525 434 3558; x_wconf 87' lang='lat' dir='ltr'>nus</span> <span class='ocrx_word' id='word_1_284' title='bbox 449 3504 544 3570; x_wconf 82' lang='lat' dir='ltr'>edidit,</span> <span class='ocrx_word' id='word_1_285' title='bbox 557 3516 662 3555; x_wconf 88' lang='lat' dir='ltr'>auctore</span> <span class='ocrx_word' id='word_1_286' title='bbox 676 3505 812 3554; x_wconf 86' lang='lat' dir='ltr'>Censorio.</span> <span class='ocrx_word' id='word_1_287' title='bbox 824 3521 882 3572; x_wconf 84' lang='lat' dir='ltr'>cap.</span> <span class='ocrx_word' id='word_1_288' title='bbox 929 3525 987 3557; x_wconf 84' lang='lat' dir='ltr'>ron.</span> <span class='ocrx_word' id='word_1_289' title='bbox 1007 3506 1064 3577; x_wconf 66' lang='grc' dir='ltr'>ια),</span> <span class='ocrx_word' id='word_1_290' title='bbox 1082 3504 1129 3556; x_wconf 90' lang='lat' dir='ltr'>sed</span> <span class='ocrx_word' id='word_1_291' title='bbox 1143 3506 1242 3575; x_wconf 85' lang='lat' dir='ltr'>primns</span> <span class='ocrx_word' id='word_1_292' title='bbox 1254 3502 1382 3573; x_wconf 82' lang='lat' dir='ltr'>(fortasse</span> <span class='ocrx_word' id='word_1_293' title='bbox 1394 3502 1425 3554; x_wconf 91' lang='lat' dir='ltr'>ob</span> 
     </span>
     <span class='ocr_line' id='line_1_35' title="bbox 388 3581 1425 3656; baseline -0.001 -20"><span class='ocrx_word' id='word_1_294' title='bbox 388 3603 430 3654; x_wconf 76' lang='lat'>17,</span> <span class='ocrx_word' id='word_1_295' title='bbox 449 3603 528 3656; x_wconf 88' lang='lat' dir='ltr'>quum</span> <span class='ocrx_word' id='word_1_296' title='bbox 550 3585 606 3654; x_wconf 88' lang='lat' dir='ltr'>ipse</span> <span class='ocrx_word' id='word_1_297' title='bbox 622 3581 721 3633; x_wconf 86' lang='lat' dir='ltr'>Consul</span> <span class='ocrx_word' id='word_1_298' title='bbox 741 3595 809 3632; x_wconf 83' lang='lat' dir='ltr'>esset</span> <span class='ocrx_word' id='word_1_299' title='bbox 824 3582 884 3631; x_wconf 82' lang='lat' dir='ltr'>XIV</span> <span class='ocrx_word' id='word_1_300' title='bbox 929 3586 1007 3636; x_wconf 81' lang='lat' dir='ltr'>vitam</span> <span class='ocrx_word' id='word_1_301' title='bbox 1025 3586 1087 3636; x_wconf 90' lang='lat' dir='ltr'>olim</span> <span class='ocrx_word' id='word_1_302' title='bbox 1104 3585 1132 3635; x_wconf 87' lang='lat' dir='ltr'>in</span> <span class='ocrx_word' id='word_1_303' title='bbox 1144 3583 1278 3654; x_wconf 87' lang='lat' dir='ltr'>Capitolio</span> <span class='ocrx_word' id='word_1_304' title='bbox 1293 3586 1358 3635; x_wconf 87' lang='lat' dir='ltr'>mire</span> <span class='ocrx_word' id='word_1_305' title='bbox 1373 3603 1425 3635; x_wconf 88' lang='lat' dir='ltr'>ser·</span> 
     </span>
     <span class='ocr_line' id='line_1_36' title="bbox 385 3659 1426 3734; baseline -0.001 -19"><span class='ocrx_word' id='word_1_306' title='bbox 385 3683 446 3716; x_wconf 88' lang='lat' dir='ltr'>cum</span> <span class='ocrx_word' id='word_1_307' title='bbox 467 3665 494 3713; x_wconf 91' lang='lat' dir='ltr'>L.</span> <span class='ocrx_word' id='word_1_308' title='bbox 517 3662 636 3714; x_wconf 89' lang='lat' dir='ltr'>Minucio</span> <span class='ocrx_word' id='word_1_309' title='bbox 650 3661 737 3724; x_wconf 78' lang='lat' dir='ltr'>liufo,</span> <span class='ocrx_word' id='word_1_310' title='bbox 754 3659 807 3710; x_wconf 91' lang='lat' dir='ltr'>hoc</span> <span class='ocrx_word' id='word_1_311' title='bbox 827 3674 883 3726; x_wconf 89' lang='lat' dir='ltr'>est,</span> <span class='ocrx_word' id='word_1_312' title='bbox 928 3663 1029 3732; x_wconf 81' lang='lat' dir='ltr'>vatam)</span> <span class='ocrx_word' id='word_1_313' title='bbox 1045 3665 1106 3715; x_wconf 88' lang='lat' dir='ltr'>Jovi</span> <span class='ocrx_word' id='word_1_314' title='bbox 1124 3661 1291 3734; x_wconf 81' lang='lat' dir='ltr'>Capitolino,</span> <span class='ocrx_word' id='word_1_315' title='bbox 1310 3665 1338 3714; x_wconf 87' lang='lat' dir='ltr'>in</span> <span class='ocrx_word' id='word_1_316' title='bbox 1355 3665 1426 3733; x_wconf 84' lang='lat' dir='ltr'>cujus</span> 
     </span>
     <span class='ocr_line' id='line_1_37' title="bbox 384 3738 1426 3814; baseline -0.001 -19"><span class='ocrx_word' id='word_1_317' title='bbox 384 3763 446 3795; x_wconf 89' lang='lat' dir='ltr'>ann.</span> <span class='ocrx_word' id='word_1_318' title='bbox 458 3744 586 3810; x_wconf 54' lang='lat' dir='ltr'>illelom</span> <span class='ocrx_word' id='word_1_319' title='bbox 598 3759 680 3811; x_wconf 86' lang='lat' dir='ltr'>quum</span> <span class='ocrx_word' id='word_1_320' title='bbox 693 3753 754 3810; x_wconf 88' lang='lat' dir='ltr'>post</span> <span class='ocrx_word' id='word_1_321' title='bbox 765 3738 883 3808; x_wconf 74' lang='lat' dir='ltr'>singulos</span> <span class='ocrx_word' id='word_1_322' title='bbox 928 3742 1050 3795; x_wconf 85' lang='lat' dir='ltr'>laudibus</span> <span class='ocrx_word' id='word_1_323' title='bbox 1078 3745 1258 3814; x_wconf 72' lang='lat' dir='ltr'>principisque</span> <span class='ocrx_word' id='word_1_324' title='bbox 1287 3745 1426 3795; x_wconf 80' lang='lat' dir='ltr'>certamina</span> 
     </span>
     <span class='ocr_line' id='line_1_38' title="bbox 385 3819 1425 3891; baseline -0.002 -17"><span class='ocrx_word' id='word_1_325' title='bbox 385 3836 492 3876; x_wconf 87' lang='lat' dir='ltr'>centum</span> <span class='ocrx_word' id='word_1_326' title='bbox 514 3835 540 3873; x_wconf 88' lang='lat' dir='ltr'>et</span> <span class='ocrx_word' id='word_1_327' title='bbox 559 3819 651 3872; x_wconf 86' lang='lat' dir='ltr'>decem</span> <span class='ocrx_word' id='word_1_328' title='bbox 672 3837 755 3869; x_wconf 83' lang='lat' dir='ltr'>annos</span> <span class='ocrx_word' id='word_1_329' title='bbox 774 3820 881 3889; x_wconf 74' lang='lat' dir='ltr'>(Horat.</span> <span class='ocrx_word' id='word_1_330' title='bbox 928 3822 1425 3891; x_wconf 77' lang='lat' dir='ltr'>poctarumetoratotumversabsntur,</span> 
     </span>
     <span class='ocr_line' id='line_1_39' title="bbox 385 3889 1426 3974; baseline 0 -20"><span class='ocrx_word' id='word_1_331' title='bbox 385 3905 473 3956; x_wconf 87' lang='lat' dir='ltr'>Curm.</span> <span class='ocrx_word' id='word_1_332' title='bbox 490 3901 546 3954; x_wconf 83' lang='lat' dir='ltr'>Sec.</span> <span class='ocrx_word' id='word_1_333' title='bbox 561 3918 597 3952; x_wconf 80' lang='lat' dir='ltr'>rs.</span> <span class='ocrx_word' id='word_1_334' title='bbox 618 3915 661 3968; x_wconf 83' lang='lat'>17,</span> <span class='ocrx_word' id='word_1_335' title='bbox 676 3899 790 3950; x_wconf 86' lang='lat' dir='ltr'>undenos</span> <span class='ocrx_word' id='word_1_336' title='bbox 803 3900 884 3951; x_wconf 84' lang='lat' dir='ltr'>decies</span> <span class='ocrx_word' id='word_1_337' title='bbox 928 3900 998 3952; x_wconf 90' lang='lat' dir='ltr'>unde</span> <span class='ocrx_word' id='word_1_338' title='bbox 1012 3901 1155 3972; x_wconf 83' lang='lat' dir='ltr'>Capitolini</span> <span class='ocrx_word' id='word_1_339' title='bbox 1165 3920 1260 3974; x_wconf 67' lang='lat' dir='ltr'>agones</span> <span class='ocrx_word' id='word_1_340' title='bbox 1272 3903 1327 3954; x_wconf 85' lang='lat' dir='ltr'>sive</span> <span class='ocrx_word' id='word_1_341' title='bbox 1338 3889 1371 3955; x_wconf 72' lang='lat' dir='ltr'>‘ni</span> <span class='ocrx_word' id='word_1_342' title='bbox 1384 3910 1426 3954; x_wconf 72' lang='lat' dir='ltr'>h·</span> 
     </span>
     <span class='ocr_line' id='line_1_40' title="bbox 384 3978 1426 4054; baseline 0 -19"><span class='ocrx_word' id='word_1_343' title='bbox 384 4001 432 4054; x_wconf 85' lang='lat' dir='ltr'>per</span> <span class='ocrx_word' id='word_1_344' title='bbox 444 3980 540 4052; x_wconf 77' lang='lat' dir='ltr'>anites)</span> <span class='ocrx_word' id='word_1_345' title='bbox 554 3980 637 4051; x_wconf 81' lang='lat' dir='ltr'>repeti</span> <span class='ocrx_word' id='word_1_346' title='bbox 648 3979 775 4030; x_wconf 87' lang='lat' dir='ltr'>deberent</span> <span class='ocrx_word' id='word_1_347' title='bbox 788 3978 816 4031; x_wconf 90' lang='lat' dir='ltr'>hi</span> <span class='ocrx_word' id='word_1_348' title='bbox 827 3979 884 4031; x_wconf 93' lang='lat' dir='ltr'>ludi</span> <span class='ocrx_word' id='word_1_349' title='bbox 928 3979 1030 4032; x_wconf 67' lang='lat' dir='ltr'>nirdam</span> <span class='ocrx_word' id='word_1_350' title='bbox 1039 3982 1090 4033; x_wconf 86' lang='lat' dir='ltr'>dici</span> <span class='ocrx_word' id='word_1_351' title='bbox 1100 3993 1245 4051; x_wconf 83' lang='lat' dir='ltr'>coeperunt.</span> <span class='ocrx_word' id='word_1_352' title='bbox 1256 3983 1374 4034; x_wconf 90' lang='lat' dir='ltr'>Primum</span> <span class='ocrx_word' id='word_1_353' title='bbox 1382 3983 1426 4035; x_wconf 89' lang='lat' dir='ltr'>ho·</span> 
     </span>
     <span class='ocr_line' id='line_1_41' title="bbox 384 4059 1427 4133; baseline 0.003 -20"><span class='ocrx_word' id='word_1_354' title='bbox 384 4082 415 4113; x_wconf 81' lang='lat' dir='ltr'>ex</span> <span class='ocrx_word' id='word_1_355' title='bbox 433 4064 554 4113; x_wconf 88' lang='lat' dir='ltr'>instituto</span> <span class='ocrx_word' id='word_1_356' title='bbox 573 4061 698 4132; x_wconf 76' lang='lat' dir='ltr'>Augusti,</span> <span class='ocrx_word' id='word_1_357' title='bbox 716 4059 883 4110; x_wconf 86' lang='lat' dir='ltr'>Domitianus</span> <span class='ocrx_word' id='word_1_358' title='bbox 929 4079 985 4110; x_wconf 84' lang='lat' dir='ltr'>rum</span> <span class='ocrx_word' id='word_1_359' title='bbox 995 4080 1107 4133; x_wconf 75' lang='lat' dir='ltr'>agonum</span> <span class='ocrx_word' id='word_1_360' title='bbox 1115 4063 1296 4113; x_wconf 86' lang='lat' dir='ltr'>Domitianum</span> <span class='ocrx_word' id='word_1_361' title='bbox 1305 4065 1427 4116; x_wconf 85' lang='lat' dir='ltr'>instituis·</span> 
     </span>
     <span class='ocr_line' id='line_1_42' title="bbox 384 4139 1427 4211; baseline 0.001 -17"><span class='ocrx_word' id='word_1_362' title='bbox 384 4161 429 4194; x_wconf 86' lang='lat' dir='ltr'>sex</span> <span class='ocrx_word' id='word_1_363' title='bbox 435 4141 592 4195; x_wconf 64' lang='lat' dir='ltr'>annssedere</span> <span class='ocrx_word' id='word_1_364' title='bbox 599 4159 643 4192; x_wconf 87' lang='lat' dir='ltr'>eos</span> <span class='ocrx_word' id='word_1_365' title='bbox 652 4140 802 4199; x_wconf 81' lang='lat' dir='ltr'>maturavit,</span> <span class='ocrx_word' id='word_1_366' title='bbox 812 4139 883 4211; x_wconf 90' lang='lat' dir='ltr'>quod</span> <span class='ocrx_word' id='word_1_367' title='bbox 930 4158 957 4192; x_wconf 88' lang='lat' dir='ltr'>se</span> <span class='ocrx_word' id='word_1_368' title='bbox 967 4140 1127 4193; x_wconf 89' lang='lat' dir='ltr'>duodecimo</span> <span class='ocrx_word' id='word_1_369' title='bbox 1139 4159 1187 4192; x_wconf 89' lang='lat' dir='ltr'>suo</span> <span class='ocrx_word' id='word_1_370' title='bbox 1198 4156 1224 4194; x_wconf 89' lang='lat' dir='ltr'>et</span> <span class='ocrx_word' id='word_1_371' title='bbox 1233 4143 1305 4195; x_wconf 85' lang='lat' dir='ltr'>Serv.</span> <span class='ocrx_word' id='word_1_372' title='bbox 1315 4143 1427 4196; x_wconf 85' lang='lat' dir='ltr'>Cornelii</span> 
     </span>
     <span class='ocr_line' id='line_1_43' title="bbox 384 4218 1424 4293; baseline 0.007 -23"><span class='ocrx_word' id='word_1_373' title='bbox 384 4240 432 4293; x_wconf 83' lang='lat' dir='ltr'>por</span> <span class='ocrx_word' id='word_1_374' title='bbox 446 4241 543 4273; x_wconf 85' lang='lat' dir='ltr'>moram</span> <span class='ocrx_word' id='word_1_375' title='bbox 555 4218 689 4272; x_wconf 78' lang='lat' dir='ltr'>libidinem</span> <span class='ocrx_word' id='word_1_376' title='bbox 702 4219 829 4288; x_wconf 79' lang='lat' dir='ltr'>Principis</span> <span class='ocrx_word' id='word_1_377' title='bbox 843 4218 884 4269; x_wconf 82' lang='lat' dir='ltr'>fa·</span> <span class='ocrx_word' id='word_1_378' title='bbox 929 4220 1070 4277; x_wconf 78' lang='lat' dir='ltr'>Dolabellae</span> <span class='ocrx_word' id='word_1_379' title='bbox 1090 4219 1229 4273; x_wconf 84' lang='lat' dir='ltr'>consulatu</span> <span class='ocrx_word' id='word_1_380' title='bbox 1247 4220 1325 4292; x_wconf 87' lang='lat' dir='ltr'>(ann.</span> <span class='ocrx_word' id='word_1_381' title='bbox 1346 4223 1424 4293; x_wconf 77' lang='lat'><strong>839).</strong></span> 
     </span>
    </p>
   </div>
   <div class='ocr_carea' id='block_1_14' title="bbox 0 0 1542 5146">
    <p class='ocr_par' dir='ltr' id='par_1_18' title="bbox 0 0 1542 5146">
     <span class='ocr_line' id='line_1_44' title="bbox 0 0 1542 5146; baseline 0 0"><span class='ocrx_word' id='word_1_382' title='bbox 0 0 1542 5146; x_wconf 95' lang='lat' dir='ltr'> </span> 
     </span>
    </p>
   </div>
  </div>
 </body>
</html>
