3054 5152
204 627 212 654 Ι

436 515 443 548 t

291 517 293 526 ’
378 560 440 624 ras
747 556 782 619 o.
809 554 1042 621 suurouu

372 708 439 779 que
459 680 633 750 hincinde
653 680 877 764 hortantium,
899 697 938 748 ut
955 678 1173 773 appelleret7.
1196 679 1367 748 Indicebat
1387 697 1421 746 et

371 792 590 860 familiaribus
610 815 739 875 coeuaS,
761 816 907 885 quorum
924 793 983 857 uni
1004 789 1131 858 mellita
1152 789 1352 884 quadragies
1370 814 1421 857 se-

373 906 488 970 stertio
498 887 660 984 constitit,
670 901 767 969 alteri
777 901 883 994 pluris
892 900 1066 997 aliquanto
1077 900 1250 992 absorptio
1261 898 1418 967 ⁸rosaria.

419 1016 571 1080 XXVIII.
598 1015 703 1105 Super
715 1014 938 1104 ingenuorum
950 1010 1161 1104 paedagogia¹
1172 1065 1180 1095 ,
1193 1027 1227 1078 et
1238 1027 1420 1102 nuptarum

410 1174 434 1226 7.
453 1157 638 1210 Deversorioe...
655 1157 807 1231 appelleret.
825 1160 875 1210 Re-
920 1159 1035 1209 virorum
1048 1157 1190 1208 doctorum
1202 1169 1265 1208 sunt
1276 1156 1421 1220 sententiae,

374 1237 507 1288 stituimus
517 1231 630 1288 veterem
646 1236 786 1288 lectionem
799 1238 874 1289 insti·
920 1235 1037 1308 quashic
1046 1237 1246 1290 'recenserenon
1260 1236 1365 1286 attinet.
1376 1235 1424 1285 ue-

374 1315 452 1366 ton'as
463 1333 552 1384 operas
567 1315 742 1381 imitantium,
759 1334 808 1384 pro
823 1333 875 1386 qua
920 1327 1046 1385 ceperunt
1061 1315 1117 1366 fere
1136 1314 1279 1384 lectionem
1298 1311 1423 1364 mitellita

373 1408 437 1466 post
454 1393 569 1445 Turneb.
592 1393 703 1447 Advers.
722 1397 822 1461 XXIV,
840 1395 876 1461 6,
920 1413 969 1466 pro
982 1395 1098 1462 mellita,
1114 1396 1198 1447 secuti
1210 1393 1330 1446 Salmasii
1342 1395 1422 1444 inter·

375 1472 497 1544 plerique
508 1471 640 1524 dederunt
649 1474 792 1526 «institorio
800 1491 877 1543 copas
919 1475 1096 1545 pretationem
1109 1473 1233 1542 (Exercit.
1246 1473 1312 1524 Plin.
1323 1491 1350 1543 p.
1360 1471 1423 1542 392)

375 1554 558 1604 imitantium.»
569 1550 875 1624 Lips.adTacit.Annnl.
921 1551 955 1604 de
968 1550 1115 1604 mitellish.
1134 1571 1158 1604 e.
1176 1554 1264 1622 parvis
1278 1553 1362 1603 mitris
1376 1569 1423 1602 seu

375 1629 436 1694 XV,
457 1630 506 1699 37,
527 1627 704 1699 adstipulante
722 1631 876 1696 Torrentiu,
922 1634 1028 1687 coronis
1037 1633 1064 1682 iu
1072 1644 1201 1703 nepotum
1210 1632 1424 1683 conviviIsmaxi·

376 1708 485 1774 suadet,
507 1723 707 1761 «matronarum
729 1709 875 1772 institoria,
922 1731 965 1763 mo
981 1731 1041 1763 curn
1055 1725 1140 1762 surntu
1155 1711 1314 1775 distributis,
1328 1709 1423 1761 sultam

375 1789 877 1862 superinruentium*Oudend.probat
921 1791 982 1844 loco
994 1791 1060 1843 Plin.
1071 1792 1146 1856 XXI,
1163 1791 1189 1843 3.
1206 1791 1265 1843 Alia
1282 1789 1424 1842 difficultas

375 1870 877 1938 Aldinamlectionem,institorumloco
922 1875 949 1924 in
963 1889 1021 1923 voc.
1043 1871 1169 1935 absortio,
1189 1870 1327 1942 quomodo
1346 1870 1423 1940 vulgo

374 1952 470 2020 passim
490 1951 672 2014 invitantium,
696 1969 774 2022 quam
796 1953 878 2001 miror
923 1948 1117 2020 legitur,quod
1127 1962 1154 1999 et
1164 1952 1251 2020 ipsum
1263 1951 1290 2000 in
1302 1947 1423 1998 mirificas

376 2029 507 2100 placuisse
513 2032 589 2082 etiam
597 2032 704 2082 summis
710 2031 782 2093 viris,
790 2027 878 2081 Rubn·
923 2030 1021 2080 formas
1031 2027 1112 2094 abiit,
1122 2046 1233 2099 quarum
1241 2027 1358 2079 indicem
1365 2025 1423 2077 vide

376 2107 454 2160 lrenio
463 2109 697 2181 etWolfio,qunm
706 2109 877 2178 tautologiam
924 2108 994 2180 apud
1018 2111 1106 2160 Burm.
1118 2157 1120 2166 ,
1131 2123 1157 2160 et
1177 2107 1318 2173 Oudend.,
1340 2105 1390 2160 sed
1409 2125 1425 2158 a

375 2189 477 2259 pariat,
490 2189 662 2258 sequentibus
676 2200 753 2259 atque
766 2187 827 2238 ltine
839 2189 878 2238 in-

376 2265 409 2316 de
426 2265 603 2333 hortantium,
619 2282 669 2318 etc.
688 2266 824 2337 Reliquam
840 2265 878 2316 le-

377 2345 496 2395 ctionum
510 2357 535 2394 et
544 2347 755 2412 conjecturarum
767 2347 878 2396 varieta-

377 2437 431 2475 tem
447 2421 505 2474 vide
518 2423 589 2494 apud
606 2425 692 2474 Burin.
712 2438 737 2476 et
754 2423 876 2476 Oudend.

377 2505 414 2553 Ut
427 2513 453 2553 et
462 2503 513 2572 ipsi
523 2501 637 2574 aliquam
652 2501 796 2574 symbolam
811 2503 879 2553 affe-

377 2600 568 2652 ramus,quum
575 2583 685 2633 maxime
694 2582 814 2633 offendat
822 2600 880 2633 ver-

378 2659 441 2711 bum
452 2661 625 2732 parabantur,
639 2663 758 2730 ineptum
769 2661 804 2711 ob
815 2679 880 2730 prte-

378 2738 475 2791 eedens
487 2739 629 2809 dispositae,
647 2738 787 2790 suademus
802 2758 879 2811 pare-

379 2819 458 2885 bant,
470 2818 497 2870 b.
506 2838 529 2869 e.
538 2815 717 2888 apparebunt,
727 2831 757 2868 ut
767 2822 876 2888 August.

378 2899 426 2969 95,
435 2901 551 2971 jecinora
561 2897 714 2969 replicata...
722 2909 879 2972 punierunt,-

283 2986 289 2992 '
379 2982 488 3050 Vespas.
502 2981 532 3047 4,
544 2989 675 3049 quantum·
685 2989 779 3028 euentu
790 2988 880 3050 postea

377 3060 469 3132 paruit
474 3083 484 3121 ‚·
498 3072 524 3111 et
532 3058 619 3110 locum
629 3061 664 3109 ita
676 3060 877 3111 constituimus:

382 3139 534 3211 “dispositu
548 3157 596 3210 per
613 3137 691 3189 litora
709 3151 734 3188 et
748 3139 819 3207 ripas
835 3137 879 3188 de·

378 3221 499 3271 versoria
506 3217 619 3270 tabernae
624 3218 880 3289 parebant,insignes

372 3315 467 3370 ,panem
476 3309 501 3348 et
509 3296 548 3368 (h.
559 3315 581 3348 e.
591 3295 679 3368 etiam)
688 3310 879 3361 matronarum,

380 3379 523 3430 Institorias
531 3397 625 3448 operas
634 3379 876 3443 imitantium,etc.n

379 3456 513 3518 Ceterum,
521 3457 555 3506 ci.
563 3457 646 3506 Tacit.
655 3455 750 3506 Annal.
761 3457 817 3520 XV,
829 3456 877 3524 37:

384 3534 587 3605 *Crepidinibus
596 3535 681 3604 stagni
689 3533 881 3605 lupanariaad·

381 3613 501 3681 stabant,
519 3612 665 3665 illustribus
685 3615 788 3665 feminis
806 3634 880 3666 eom-

380 3694 461 3765 pleta.
470 3694 566 3744 Contra
574 3707 660 3744 scorta
671 3694 827 3760 uisebantur,
835 3711 881 3744 nu·

383 3773 423 3826 dis
437 3773 603 3844 corporibus.
616 3773 674 3822 lam
684 3785 774 3840 gestus
783 3785 882 3822 motus-

383 3873 433 3926 que
448 3853 582 3920 obscoeni,
597 3866 638 3916 et,
653 3863 795 3921 postquam
808 3863 881 3902 tenc-

382 3932 435 3986 brae
442 3932 614 3997 incedebant,
625 3945 750 4001 quantum
755 3933 830 4000 juxta
839 3950 882 3982 ne-

923 2189 1030 2238 Memm.
1062 2186 1174 2259 aliisque
1199 2185 1285 2240 Codri.
1314 2204 1424 2256 prorsus

924 2265 1006 2318 abest.
1022 2265 1167 2336 Equidem,
1181 2284 1345 2338 quamquam
1357 2267 1384 2316 iu
1398 2283 1424 2316 re

923 2343 1022 2396 nullius
1038 2347 1166 2396 momenti
1178 2364 1239 2396 cum
1253 2342 1361 2415 reliquis
1374 2363 1424 2396 ca·

924 2427 1007 2476 cutire
1019 2443 1073 2475 non
1083 2423 1168 2496 pudet
1180 2424 1250 2495 (quis
1262 2425 1332 2474 enim
1345 2422 1424 2475 hodie

924 2503 1095 2574 cupedIaruru
1110 2506 1218 2556 nomIna
1237 2507 1326 2554 omnia
1339 2504 1424 2568 norit,

923 2585 951 2634 in
961 2583 1098 2646 Germanis
1114 2587 1264 2655 nostrisque
1276 2581 1372 2635 culinis
1387 2583 1425 2632 in·

924 2661 1055 2732 vental),
1070 2662 1152 2713 satius
1174 2675 1262 2712 tamen
1284 2659 1424 2722 duximus,

924 2740 1049 2807 reddere,
1065 2760 1122 2812 quae
1142 2740 1299 2791 facillimum
1318 2757 1424 2790 sensum

923 2820 1056 2890 praebent,
1069 2837 1148 2891 quam
1162 2821 1276 2870 incertas
1293 2819 1424 2888 iuterpre-

924 2901 1036 2952 tationes
1044 2903 1127 2971 sequi.
1138 2899 1264 2952 Dedimus
1272 2901 1354 2968 igitur
1363 2896 1425 2948 mel·

925 2977 984 3045 lita,
998 2977 1072 3050 quod
1086 2980 1113 3028 in
1132 2978 1220 3030 multis
1239 2989 1278 3029 est
1296 2975 1382 3029 codd.
1400 2990 1426 3027 et

924 3071 1017 3129 postea
1032 3058 1171 3130 absorptio,
1189 3059 1315 3129 quoniam
1330 3056 1364 3108 de
1378 3055 1425 3107 ali-

925 3155 978 3207 quo
994 3137 1113 3203 ferculo,
1127 3135 1198 3208 quod
1214 3137 1261 3187 toti
1278 3153 1359 3186 coenae
1373 3153 1424 3186 no-

925 3233 985 3264 rnen
1001 3214 1089 3282 dedit,
1102 3233 1250 3266 sermonem
1264 3233 1321 3265 esse
1336 3225 1425 3283 putet,

924 3293 960 3343 ita
969 3293 1132 3366 ntabsorptio
1141 3295 1222 3344 'etlam
1235 3291 1269 3343 ad
1281 3294 1354 3363 prius
1366 3310 1424 3343 voc.

925 3372 1026 3426 mellita
1036 3376 1180 3426 referatur:
1196 3375 1264 3425 «Uni
1272 3373 1378 3426 mellita
1384 3375 1426 3424 alr

923 3455 1019 3526 sorptio
1031 3454 1185 3526 quadragies
1196 3454 1316 3506 sestertio
1327 3455 1425 3506 consti·

925 3536 970 3594 tiu
982 3533 1056 3584 alteri
1069 3535 1165 3586 rosaria
1176 3532 1217 3584 rel
1228 3535 1424 3604 potiusrosacea

924 3611 951 3664 b.
967 3631 988 3664 e.
1007 3631 1074 3682 aqua
1092 3630 1201 3664 rosacea
1219 3611 1328 3663 condita
1342 3611 1426 3684 pluris

927 3689 1084 3763 aliquanto.»
1099 3691 1187 3757 Quum
1201 3705 1289 3741 tamen
1303 3710 1360 3742 voc.
1378 3693 1424 3742 ab·

926 3773 1019 3842 sor-ptio
1029 3774 1055 3822 in
1066 3773 1173 3842 optimis
1183 3770 1255 3821 libris
1266 3769 1348 3836 desit,
1360 3785 1424 3841 puto

927 3850 1051 3903 excidisse
1063 3852 1144 3921 priori
1159 3849 1219 3902 loco
1232 3864 1293 3920 post
1308 3849 1423 3914 mellita,

927 3945 1006 4001 atque
1020 3943 1113 4001 postea
1126 3950 1139 3982 e
1151 3931 1285 4000 margine,
1298 3929 1344 3981 ubi
1355 3942 1425 3980 nota·

382 4016 463 4067 moris
474 4029 499 4066 et
513 4015 684 4084 circumjecta
694 4025 883 4077 tecta,c0nso-
926 4023 1000 4062 serat
1023 4009 1117 4080 aliquis
1142 4012 1169 4060 in
1194 4009 1251 4060 aliis
1275 4011 1425 4076 inventurn,

383 4091 881 4146 nareeantuetluminibusclarescere.»
927 4088 1042 4140 alienum
1055 4088 1143 4140 Iocum
1162 4106 1318 4158 occupasse.
1334 4089 1374 4138 De
1386 4088 1425 4138 in-

419 4171 881 4244 8 Qwrnmunimellita...absorptio
927 4186 992 4219 sano
1005 4166 1068 4218 luxu
1078 4167 1112 4217 cf.
1125 4165 1212 4217 Vitell.
1229 4167 1267 4218 13.

384 4253 486 4304 rosaria.
506 4251 615 4303 Infinita
631 4251 686 4302 fere
703 4248 736 4300 de
754 4247 805 4300 hoc
821 4247 881 4300 Ioco
962 4247 1077 4298 XXVIII.
1091 4245 1426 4316 1.Inpenuommpaedayo
