<?xml version="1.0" encoding="UTF-8"?>
<!DOCTYPE html PUBLIC "-//W3C//DTD XHTML 1.0 Transitional//EN"
    "http://www.w3.org/TR/xhtml1/DTD/xhtml1-transitional.dtd">
<html xmlns="http://www.w3.org/1999/xhtml" xml:lang="en" lang="en">
 <head>
  <title>
</title>
<meta http-equiv="Content-Type" content="text/html;charset=utf-8" />
  <meta name='ocr-system' content='tesseract 3.04.00' />
  <meta name='ocr-capabilities' content='ocr_page ocr_carea ocr_par ocr_line ocrx_word'/>
</head>
<body>
  <div class='ocr_page' id='page_1' title='image "./csuetoniitranqu00suetgoog_0029.png"; bbox 0 0 3066 5148; ppageno 0'>
   <div class='ocr_carea' id='block_1_1' title="bbox 481 531 1136 630">
    <p class='ocr_par' dir='ltr' id='par_1_1' title="bbox 481 531 1136 630">
     <span class='ocr_line' id='line_1_1' title="bbox 481 531 1136 630; baseline 0 -34"><span class='ocrx_word' id='word_1_1' title='bbox 481 531 739 598; x_wconf 75' lang='lat' dir='ltr'>eumcum.</span> <span class='ocrx_word' id='word_1_2' title='bbox 1099 563 1136 630; x_wconf 69' lang='lat'>,7</span> 
     </span>
    </p>
   </div>
   <div class='ocr_carea' id='block_1_2' title="bbox 83 657 1221 2417">
    <p class='ocr_par' dir='ltr' id='par_1_2' title="bbox 83 657 1154 1974">
     <span class='ocr_line' id='line_1_2' title="bbox 83 657 1139 756; baseline 0.006 -28"><span class='ocrx_word' id='word_1_3' title='bbox 83 677 143 740; x_wconf 90' lang='lat' dir='ltr'>set,</span> <span class='ocrx_word' id='word_1_4' title='bbox 158 675 240 727; x_wconf 86' lang='lat' dir='ltr'>vota</span> <span class='ocrx_word' id='word_1_5' title='bbox 254 683 321 753; x_wconf 91' lang='lat' dir='ltr'>pro</span> <span class='ocrx_word' id='word_1_6' title='bbox 338 657 452 726; x_wconf 91' lang='lat' dir='ltr'>reditu</span> <span class='ocrx_word' id='word_1_7' title='bbox 468 675 625 752; x_wconf 89' lang='lat' dir='ltr'>suscepta</span> <span class='ocrx_word' id='word_1_8' title='bbox 634 675 737 745; x_wconf 72' lang='lat' dir='ltr'>sunt,</span> <span class='ocrx_word' id='word_1_9' title='bbox 752 683 796 726; x_wconf 93' lang='lat' dir='ltr'>ne</span> <span class='ocrx_word' id='word_1_10' title='bbox 812 662 986 728; x_wconf 84' lang='lat' dir='ltr'><strong>minimam</strong></span> <span class='ocrx_word' id='word_1_11' title='bbox 1000 662 1139 756; x_wconf 91' lang='lat' dir='ltr'>quidem</span> 
     </span>
     <span class='ocr_line' id='line_1_3' title="bbox 85 767 1142 864; baseline 0.005 -27"><span class='ocrx_word' id='word_1_12' title='bbox 85 771 293 838; x_wconf 67' lang='lat' dir='ltr'>occasionem</span> <span class='ocrx_word' id='word_1_13' title='bbox 313 767 493 864; x_wconf 90' lang='lat' dir='ltr'>quoquam</span> <span class='ocrx_word' id='word_1_14' title='bbox 506 771 681 836; x_wconf 88' lang='lat' dir='ltr'>omittente</span> <span class='ocrx_word' id='word_1_15' title='bbox 699 771 734 836; x_wconf 92' lang='lat' dir='ltr'>in</span> <span class='ocrx_word' id='word_1_16' title='bbox 755 769 964 838; x_wconf 87' lang='lat' dir='ltr'>testificanda</span> <span class='ocrx_word' id='word_1_17' title='bbox 983 771 1142 842; x_wconf 88' lang='lat' dir='ltr'>sollicitu-</span> 
     </span>
     <span class='ocr_line' id='line_1_4' title="bbox 87 874 1142 972; baseline 0.008 -26"><span class='ocrx_word' id='word_1_18' title='bbox 87 879 157 946; x_wconf 85' lang='lat' dir='ltr'>dine</span> <span class='ocrx_word' id='word_1_19' title='bbox 176 894 212 946; x_wconf 91' lang='lat' dir='ltr'>et</span> <span class='ocrx_word' id='word_1_20' title='bbox 230 903 315 947; x_wconf 90' lang='lat' dir='ltr'>cura</span> <span class='ocrx_word' id='word_1_21' title='bbox 337 876 380 946; x_wconf 89' lang='lat' dir='ltr'>de</span> <span class='ocrx_word' id='word_1_22' title='bbox 399 877 629 947; x_wconf 74' lang='lat' dir='ltr'><strong>incolumitate</strong></span> <span class='ocrx_word' id='word_1_23' title='bbox 646 874 730 972; x_wconf 88' lang='lat' dir='ltr'>ejus.</span> <span class='ocrx_word' id='word_1_24' title='bbox 752 879 798 947; x_wconf 86' lang='lat' dir='ltr'>Ut¹</span> <span class='ocrx_word' id='word_1_25' title='bbox 813 903 893 948; x_wconf 87' lang='lat' dir='ltr'>vero</span> <span class='ocrx_word' id='word_1_26' title='bbox 912 884 947 948; x_wconf 95' lang='lat' dir='ltr'>in</span> <span class='ocrx_word' id='word_1_27' title='bbox 964 882 1142 954; x_wconf 86' lang='lat' dir='ltr'>adversam</span> 
     </span>
     <span class='ocr_line' id='line_1_5' title="bbox 87 986 1143 1081; baseline 0.004 -23"><span class='ocrx_word' id='word_1_28' title='bbox 87 989 314 1060; x_wconf 76' lang='lat' dir='ltr'>valetudinem</span> <span class='ocrx_word' id='word_1_29' title='bbox 330 986 484 1069; x_wconf 81' lang='lat' dir='ltr'>incidit³‚</span> <span class='ocrx_word' id='word_1_30' title='bbox 502 988 780 1081; x_wconf 86' lang='lat' dir='ltr'>pernoctantibus</span> <span class='ocrx_word' id='word_1_31' title='bbox 798 993 929 1060; x_wconf 85' lang='lat' dir='ltr'>cunctis</span> <span class='ocrx_word' id='word_1_32' title='bbox 946 993 1036 1060; x_wconf 87' lang='lat' dir='ltr'>circa</span> <span class='ocrx_word' id='word_1_33' title='bbox 1052 993 1143 1062; x_wconf 90' lang='lat' dir='ltr'>Pala-</span> 
     </span>
     <span class='ocr_line' id='line_1_6' title="bbox 88 1099 1142 1197; baseline 0 -27"><span class='ocrx_word' id='word_1_34' title='bbox 88 1104 183 1185; x_wconf 89' lang='lat' dir='ltr'>tium,</span> <span class='ocrx_word' id='word_1_35' title='bbox 202 1125 275 1168; x_wconf 93' lang='lat' dir='ltr'>non</span> <span class='ocrx_word' id='word_1_36' title='bbox 291 1099 498 1183; x_wconf 88' lang='lat' dir='ltr'>defuerunt,</span> <span class='ocrx_word' id='word_1_37' title='bbox 518 1101 592 1194; x_wconf 90' lang='lat' dir='ltr'>qui,</span> <span class='ocrx_word' id='word_1_38' title='bbox 610 1099 862 1192; x_wconf 79' lang='lat' dir='ltr'><strong>depugnaturos</strong></span> <span class='ocrx_word' id='word_1_39' title='bbox 882 1099 938 1167; x_wconf 77' lang='lat' dir='ltr'>sol</span> <span class='ocrx_word' id='word_1_40' title='bbox 957 1105 1060 1170; x_wconf 91' lang='lat' dir='ltr'>armis</span> <span class='ocrx_word' id='word_1_41' title='bbox 1077 1127 1142 1197; x_wconf 92' lang='lat' dir='ltr'>pro</span> 
     </span>
     <span class='ocr_line' id='line_1_7' title="bbox 89 1211 1139 1308; baseline 0.002 -26"><span class='ocrx_word' id='word_1_42' title='bbox 89 1212 193 1282; x_wconf 90' lang='lat' dir='ltr'>salute</span> <span class='ocrx_word' id='word_1_43' title='bbox 203 1216 305 1304; x_wconf 78' lang='lat' dir='ltr'>aegri,</span> <span class='ocrx_word' id='word_1_44' title='bbox 324 1213 451 1308; x_wconf 89' lang='lat' dir='ltr'>quique</span> <span class='ocrx_word' id='word_1_45' title='bbox 465 1214 574 1305; x_wconf 88' lang='lat' dir='ltr'>capita</span> <span class='ocrx_word' id='word_1_46' title='bbox 586 1235 649 1279; x_wconf 89' lang='lat' dir='ltr'>sua</span> <span class='ocrx_word' id='word_1_47' title='bbox 663 1211 762 1280; x_wconf 87' lang='lat' dir='ltr'>titulo</span> <span class='ocrx_word' id='word_1_48' title='bbox 776 1215 950 1305; x_wconf 90' lang='lat' dir='ltr'>proposito</span> <span class='ocrx_word' id='word_1_49' title='bbox 967 1233 1139 1284; x_wconf 84' lang='lat' dir='ltr'>voverent.</span> 
     </span>
     <span class='ocr_line' id='line_1_8' title="bbox 88 1320 1143 1394; baseline 0.004 -4"><span class='ocrx_word' id='word_1_50' title='bbox 88 1326 232 1391; x_wconf 80' lang='lat' dir='ltr'><strong>Accessit</strong></span> <span class='ocrx_word' id='word_1_51' title='bbox 250 1320 296 1388; x_wconf 89' lang='lat' dir='ltr'>ad</span> <span class='ocrx_word' id='word_1_52' title='bbox 317 1325 522 1390; x_wconf 89' lang='lat' dir='ltr'>immensum</span> <span class='ocrx_word' id='word_1_53' title='bbox 543 1324 667 1390; x_wconf 90' lang='lat' dir='ltr'>civium</span> <span class='ocrx_word' id='word_1_54' title='bbox 689 1345 840 1390; x_wconf 89' lang='lat' dir='ltr'>amorem</span> <span class='ocrx_word' id='word_1_55' title='bbox 862 1322 1020 1391; x_wconf 90' lang='lat' dir='ltr'>notabilis</span> <span class='ocrx_word' id='word_1_56' title='bbox 1040 1327 1143 1394; x_wconf 89' lang='lat' dir='ltr'>etiam</span> 
     </span>
     <span class='ocr_line' id='line_1_9' title="bbox 88 1433 1141 1528; baseline 0.006 -28"><span class='ocrx_word' id='word_1_57' title='bbox 88 1451 307 1502; x_wconf 82' lang='lat' dir='ltr'>externorum</span> <span class='ocrx_word' id='word_1_58' title='bbox 321 1433 427 1502; x_wconf 82' lang='lat' dir='ltr'>favor.</span> <span class='ocrx_word' id='word_1_59' title='bbox 442 1438 595 1528; x_wconf 87' lang='lat' dir='ltr'>Namque</span> <span class='ocrx_word' id='word_1_60' title='bbox 607 1433 814 1502; x_wconf 82' lang='lat' dir='ltr'>Artabanus⁵</span> <span class='ocrx_word' id='word_1_61' title='bbox 824 1486 833 1516; x_wconf 90' lang='lat'>,</span> <span class='ocrx_word' id='word_1_62' title='bbox 845 1433 1048 1504; x_wconf 81' lang='lat' dir='ltr'>Parthorum</span> <span class='ocrx_word' id='word_1_63' title='bbox 1063 1459 1141 1520; x_wconf 87' lang='lat' dir='ltr'>rex,</span> 
     </span>
     <span class='ocr_line' id='line_1_10' title="bbox 89 1543 1154 1640; baseline 0.007 -28"><span class='ocrx_word' id='word_1_64' title='bbox 89 1543 202 1612; x_wconf 82' lang='lat' dir='ltr'>odium</span> <span class='ocrx_word' id='word_1_65' title='bbox 214 1569 354 1639; x_wconf 82' lang='lat' dir='ltr'>semper</span> <span class='ocrx_word' id='word_1_66' title='bbox 366 1561 645 1640; x_wconf 87' lang='lat' dir='ltr'>contemtumque</span> <span class='ocrx_word' id='word_1_67' title='bbox 656 1544 783 1613; x_wconf 77' lang='lat' dir='ltr'>&#39;liberii</span> <span class='ocrx_word' id='word_1_68' title='bbox 794 1569 864 1638; x_wconf 84' lang='lat' dir='ltr'>prae</span> <span class='ocrx_word' id='word_1_69' title='bbox 877 1570 913 1614; x_wconf 92' lang='lat' dir='ltr'>se</span> <span class='ocrx_word' id='word_1_70' title='bbox 924 1546 1053 1631; x_wconf 84' lang='lat' dir='ltr'>ferens,</span> <span class='ocrx_word' id='word_1_71' title='bbox 1064 1551 1154 1620; x_wconf 72' lang='lat' dir='ltr'>ami.</span> 
     </span>
     <span class='ocr_line' id='line_1_11' title="bbox 89 1653 1145 1753; baseline 0.003 -29"><span class='ocrx_word' id='word_1_72' title='bbox 89 1659 200 1726; x_wconf 89' lang='lat' dir='ltr'>citiam</span> <span class='ocrx_word' id='word_1_73' title='bbox 221 1653 298 1750; x_wconf 85' lang='lat' dir='ltr'>ejus</span> <span class='ocrx_word' id='word_1_74' title='bbox 320 1655 411 1724; x_wconf 92' lang='lat' dir='ltr'>ultro</span> <span class='ocrx_word' id='word_1_75' title='bbox 431 1659 546 1749; x_wconf 82' lang='lat' dir='ltr'>petiit3</span> <span class='ocrx_word' id='word_1_76' title='bbox 571 1659 728 1751; x_wconf 87' lang='lat' dir='ltr'>venitque</span> <span class='ocrx_word' id='word_1_77' title='bbox 749 1655 793 1724; x_wconf 91' lang='lat' dir='ltr'>ad</span> <span class='ocrx_word' id='word_1_78' title='bbox 813 1654 1020 1752; x_wconf 88' lang='lat' dir='ltr'><strong>colloquium</strong></span> <span class='ocrx_word' id='word_1_79' title='bbox 1043 1660 1145 1753; x_wconf 77' lang='lat' dir='ltr'>legati</span> 
     </span>
     <span class='ocr_line' id='line_1_12' title="bbox 90 1767 1145 1865; baseline 0.003 -29"><span class='ocrx_word' id='word_1_80' title='bbox 90 1767 294 1843; x_wconf 79' lang='lat' dir='ltr'>consularis.</span> <span class='ocrx_word' id='word_1_81' title='bbox 312 1785 347 1835; x_wconf 88' lang='lat' dir='ltr'>et</span> <span class='ocrx_word' id='word_1_82' title='bbox 360 1785 591 1860; x_wconf 79' lang='lat' dir='ltr'>transgressus</span> <span class='ocrx_word' id='word_1_83' title='bbox 603 1767 828 1863; x_wconf 86' lang='lat' dir='ltr'>Euphratem,</span> <span class='ocrx_word' id='word_1_84' title='bbox 848 1770 978 1865; x_wconf 84' lang='lat' dir='ltr'>aquilas</span> <span class='ocrx_word' id='word_1_85' title='bbox 998 1789 1032 1838; x_wconf 90' lang='lat' dir='ltr'>et</span> <span class='ocrx_word' id='word_1_86' title='bbox 1049 1775 1145 1864; x_wconf 78' lang='lat' dir='ltr'>signa</span> 
     </span>
     <span class='ocr_line' id='line_1_13' title="bbox 90 1877 866 1974; baseline 0.003 -28"><span class='ocrx_word' id='word_1_87' title='bbox 90 1885 260 1960; x_wconf 86' lang='lat' dir='ltr'>Romana,</span> <span class='ocrx_word' id='word_1_88' title='bbox 274 1883 515 1974; x_wconf 77' lang='lat' dir='ltr'>Caesarumque</span> <span class='ocrx_word' id='word_1_89' title='bbox 529 1880 691 1972; x_wconf 79' lang='lat' dir='ltr'>imagines</span> <span class='ocrx_word' id='word_1_90' title='bbox 704 1877 866 1948; x_wconf 89' lang='lat' dir='ltr'>adoravit.</span> 
     </span>
    </p>

    <p class='ocr_par' dir='ltr' id='par_1_3' title="bbox 92 1989 1221 2417">
     <span class='ocr_line' id='line_1_14' title="bbox 132 1989 1145 2086; baseline 0.003 -26"><span class='ocrx_word' id='word_1_91' title='bbox 132 1997 203 2060; x_wconf 87' lang='lat' dir='ltr'>XV.</span> <span class='ocrx_word' id='word_1_92' title='bbox 230 1990 454 2060; x_wconf 75' lang='lat' dir='ltr'>Incendebat¹</span> <span class='ocrx_word' id='word_1_93' title='bbox 469 1993 589 2083; x_wconf 89' lang='lat' dir='ltr'>etipse</span> <span class='ocrx_word' id='word_1_94' title='bbox 602 1989 902 2058; x_wconf 91' lang='lat' dir='ltr'>studiahominum</span> <span class='ocrx_word' id='word_1_95' title='bbox 916 1996 1010 2061; x_wconf 90' lang='lat' dir='ltr'>omni</span> <span class='ocrx_word' id='word_1_96' title='bbox 1024 2017 1145 2086; x_wconf 79' lang='lat' dir='ltr'>genere</span> 
     </span>
     <span class='ocr_line' id='line_1_15' title="bbox 92 2098 1221 2196; baseline 0 -26"><span class='ocrx_word' id='word_1_97' title='bbox 92 2101 336 2196; x_wconf 84' lang='lat' dir='ltr'>popularitatis.</span> <span class='ocrx_word' id='word_1_98' title='bbox 348 2099 483 2169; x_wconf 91' lang='lat' dir='ltr'>Tiberio</span> <span class='ocrx_word' id='word_1_99' title='bbox 494 2123 573 2166; x_wconf 90' lang='lat' dir='ltr'>cum</span> <span class='ocrx_word' id='word_1_100' title='bbox 585 2099 739 2193; x_wconf 87' lang='lat' dir='ltr'>plurimis</span> <span class='ocrx_word' id='word_1_101' title='bbox 750 2098 898 2169; x_wconf 89' lang='lat' dir='ltr'>lacrimis</span> <span class='ocrx_word' id='word_1_102' title='bbox 908 2125 972 2195; x_wconf 93' lang='lat' dir='ltr'>pro</span> <span class='ocrx_word' id='word_1_103' title='bbox 983 2105 1146 2172; x_wconf 88' lang='lat' dir='ltr'>concione</span> <span class='ocrx_word' id='word_1_104' title='bbox 1218 2136 1221 2144; x_wconf 93' lang='lat'>·</span> 
     </span>
     <span class='ocr_line' id='line_1_16' title="bbox 93 2211 1146 2306; baseline 0.003 -25"><span class='ocrx_word' id='word_1_105' title='bbox 93 2213 226 2284; x_wconf 88' lang='lat' dir='ltr'>laudato</span> <span class='ocrx_word' id='word_1_106' title='bbox 235 2267 244 2294; x_wconf 92' lang='lat'>,</span> <span class='ocrx_word' id='word_1_107' title='bbox 254 2214 481 2306; x_wconf 78' lang='lat' dir='ltr'>funeratoque</span> <span class='ocrx_word' id='word_1_108' title='bbox 489 2211 713 2304; x_wconf 86' lang='lat' dir='ltr'>amplissime,</span> <span class='ocrx_word' id='word_1_109' title='bbox 726 2211 903 2280; x_wconf 85' lang='lat' dir='ltr'>confestim</span> <span class='ocrx_word' id='word_1_110' title='bbox 912 2212 1146 2284; x_wconf 87' lang='lat' dir='ltr'>Pandateriam</span> 
     </span>
     <span class='ocr_line' id='line_1_17' title="bbox 94 2320 1144 2417; baseline 0.001 -24"><span class='ocrx_word' id='word_1_111' title='bbox 94 2343 126 2393; x_wconf 88' lang='lat' dir='ltr'>et</span> <span class='ocrx_word' id='word_1_112' title='bbox 142 2326 297 2407; x_wconf 85' lang='lat' dir='ltr'>Pontias,</span> <span class='ocrx_word' id='word_1_113' title='bbox 316 2323 361 2391; x_wconf 90' lang='lat' dir='ltr'>ad</span> <span class='ocrx_word' id='word_1_114' title='bbox 373 2320 624 2392; x_wconf 85' lang='lat' dir='ltr'>transferendos</span> <span class='ocrx_word' id='word_1_115' title='bbox 643 2324 760 2390; x_wconf 87' lang='lat' dir='ltr'>matris</span> <span class='ocrx_word' id='word_1_116' title='bbox 777 2322 960 2417; x_wconf 84' lang='lat' dir='ltr'>fiatrisquc</span> <span class='ocrx_word' id='word_1_117' title='bbox 980 2327 1144 2406; x_wconf 55' lang='lat' dir='ltr'>&#39;cinerem</span> 
     </span>
    </p>
   </div>
   <div class='ocr_carea' id='block_1_3' title="bbox 95 2564 1146 2636">
    <p class='ocr_par' dir='ltr' id='par_1_4' title="bbox 95 2564 1146 2636">
     <span class='ocr_line' id='line_1_18' title="bbox 95 2564 1146 2636; baseline 0 -18"><span class='ocrx_word' id='word_1_118' title='bbox 95 2567 168 2618; x_wconf 79' lang='lat' dir='ltr'>nimis</span> <span class='ocrx_word' id='word_1_119' title='bbox 188 2569 268 2619; x_wconf 76' lang='lat' dir='ltr'>arcus</span> <span class='ocrx_word' id='word_1_120' title='bbox 289 2565 386 2619; x_wconf 88' lang='lat' dir='ltr'>linibus</span> <span class='ocrx_word' id='word_1_121' title='bbox 407 2565 597 2619; x_wconf 83' lang='lat' dir='ltr'>circumscribit</span> <span class='ocrx_word' id='word_1_122' title='bbox 642 2585 684 2633; x_wconf 88' lang='lat' dir='ltr'>se,</span> <span class='ocrx_word' id='word_1_123' title='bbox 700 2564 734 2618; x_wconf 91' lang='lat' dir='ltr'>ad</span> <span class='ocrx_word' id='word_1_124' title='bbox 746 2583 808 2617; x_wconf 89' lang='lat' dir='ltr'>ann.</span> <span class='ocrx_word' id='word_1_125' title='bbox 828 2566 879 2636; x_wconf 85' lang='lat'>793</span> <span class='ocrx_word' id='word_1_126' title='bbox 896 2566 1146 2632; x_wconf 83' lang='lat' dir='ltr'>narratDio,LlX,</span> 
     </span>
    </p>
   </div>
   <div class='ocr_carea' id='block_1_4' title="bbox 1 2643 1146 2717">
    <p class='ocr_par' dir='ltr' id='par_1_5' title="bbox 1 2643 1146 2717">
     <span class='ocr_line' id='line_1_19' title="bbox 1 2643 1146 2717; baseline 0.003 -23"><span class='ocrx_word' id='word_1_127' title='bbox 1 2685 2 2694; x_wconf 68' lang='grc'>,</span> <span class='ocrx_word' id='word_1_128' title='bbox 97 2648 209 2699; x_wconf 78' lang='lat' dir='ltr'>auctoris</span> <span class='ocrx_word' id='word_1_129' title='bbox 232 2647 411 2711; x_wconf 83' lang='lat' dir='ltr'>sententiam,</span> <span class='ocrx_word' id='word_1_130' title='bbox 435 2643 597 2698; x_wconf 87' lang='lat' dir='ltr'>subaudiens</span> <span class='ocrx_word' id='word_1_131' title='bbox 643 2661 693 2714; x_wconf 84' lang='lat'>27,</span> <span class='ocrx_word' id='word_1_132' title='bbox 712 2663 829 2717; x_wconf 88' lang='lat' dir='ltr'>quocum</span> <span class='ocrx_word' id='word_1_133' title='bbox 843 2646 976 2698; x_wconf 84' lang='lat' dir='ltr'>consentit</span> <span class='ocrx_word' id='word_1_134' title='bbox 990 2647 1104 2714; x_wconf 86' lang='lat' dir='ltr'>Noster,</span> <span class='ocrx_word' id='word_1_135' title='bbox 1119 2647 1146 2698; x_wconf 90' lang='lat' dir='ltr'>iu</span> 
     </span>
    </p>
   </div>
   <div class='ocr_carea' id='block_1_5' title="bbox 97 2723 1232 3036">
    <p class='ocr_par' dir='ltr' id='par_1_6' title="bbox 97 2723 1146 2797">
     <span class='ocr_line' id='line_1_20' title="bbox 97 2723 1146 2797; baseline 0.003 -21"><span class='ocrx_word' id='word_1_136' title='bbox 97 2735 152 2776; x_wconf 70' lang='lat' dir='ltr'>mu</span> <span class='ocrx_word' id='word_1_137' title='bbox 164 2724 325 2797; x_wconf 67' lang='lat' dir='ltr'>suscipiendi</span> <span class='ocrx_word' id='word_1_138' title='bbox 334 2735 396 2794; x_wconf 85' lang='lat' dir='ltr'>post</span> <span class='ocrx_word' id='word_1_139' title='bbox 410 2723 578 2774; x_wconf 77' lang='lat' dir='ltr'>occasionem,</span> <span class='ocrx_word' id='word_1_140' title='bbox 642 2726 729 2779; x_wconf 88' lang='lat' dir='ltr'>Vitell.</span> <span class='ocrx_word' id='word_1_141' title='bbox 751 2744 783 2792; x_wconf 79' lang='lat'>2,</span> <span class='ocrx_word' id='word_1_142' title='bbox 801 2725 848 2777; x_wconf 92' lang='lat' dir='ltr'>ubi</span> <span class='ocrx_word' id='word_1_143' title='bbox 865 2723 933 2778; x_wconf 84' lang='lat' dir='ltr'>vide.</span> <span class='ocrx_word' id='word_1_144' title='bbox 953 2727 1043 2794; x_wconf 88' lang='lat' dir='ltr'>Quum</span> <span class='ocrx_word' id='word_1_145' title='bbox 1057 2739 1146 2780; x_wconf 86' lang='lat' dir='ltr'>tamen</span> 
     </span>
    </p>

    <p class='ocr_par' dir='ltr' id='par_1_7' title="bbox 97 2799 1232 3036">
     <span class='ocr_line' id='line_1_21' title="bbox 129 2799 1147 2875; baseline 0 -19"><span class='ocrx_word' id='word_1_146' title='bbox 129 2803 153 2856; x_wconf 88' lang='lat'>3.</span> <span class='ocrx_word' id='word_1_147' title='bbox 165 2803 229 2856; x_wconf 85' lang='lat' dir='ltr'>Ut...</span> <span class='ocrx_word' id='word_1_148' title='bbox 240 2805 270 2854; x_wconf 85' lang='lat' dir='ltr'>iu</span> <span class='ocrx_word' id='word_1_149' title='bbox 279 2803 414 2856; x_wconf 74' lang='lat' dir='ltr'>adversm</span> <span class='ocrx_word' id='word_1_150' title='bbox 424 2799 598 2854; x_wconf 76' lang='lat' dir='ltr'>ualetudinem</span> <span class='ocrx_word' id='word_1_151' title='bbox 642 2802 670 2856; x_wconf 91' lang='lat' dir='ltr'>b.</span> <span class='ocrx_word' id='word_1_152' title='bbox 691 2803 709 2856; x_wconf 93' lang='lat' dir='ltr'>l.</span> <span class='ocrx_word' id='word_1_153' title='bbox 725 2804 795 2856; x_wconf 72' lang='lat' dir='ltr'>ultio</span> <span class='ocrx_word' id='word_1_154' title='bbox 811 2802 845 2855; x_wconf 87' lang='lat' dir='ltr'>ad</span> <span class='ocrx_word' id='word_1_155' title='bbox 863 2802 1027 2875; x_wconf 87' lang='lat' dir='ltr'><strong>colloquium</strong></span> <span class='ocrx_word' id='word_1_156' title='bbox 1044 2805 1147 2858; x_wconf 82' lang='lat' dir='ltr'>venisse</span> 
     </span>
     <span class='ocr_line' id='line_1_22' title="bbox 97 2882 1148 2957; baseline 0.002 -23"><span class='ocrx_word' id='word_1_157' title='bbox 97 2884 200 2946; x_wconf 66' lang='lat' dir='ltr'>inciditr</span> <span class='ocrx_word' id='word_1_158' title='bbox 218 2896 316 2936; x_wconf 81' lang='lat' dir='ltr'>octavo</span> <span class='ocrx_word' id='word_1_159' title='bbox 329 2882 433 2954; x_wconf 89' lang='lat' dir='ltr'>imperii</span> <span class='ocrx_word' id='word_1_160' title='bbox 450 2900 537 2934; x_wconf 89' lang='lat' dir='ltr'>mense</span> <span class='ocrx_word' id='word_1_161' title='bbox 551 2901 599 2953; x_wconf 89' lang='lat' dir='ltr'>per</span> <span class='ocrx_word' id='word_1_162' title='bbox 644 2903 749 2956; x_wconf 71' lang='lat' dir='ltr'>regern,</span> <span class='ocrx_word' id='word_1_163' title='bbox 761 2883 846 2951; x_wconf 89' lang='lat' dir='ltr'>dicat,</span> <span class='ocrx_word' id='word_1_164' title='bbox 855 2884 937 2955; x_wconf 86' lang='lat' dir='ltr'>idque</span> <span class='ocrx_word' id='word_1_165' title='bbox 946 2887 1033 2957; x_wconf 90' lang='lat' dir='ltr'>primo</span> <span class='ocrx_word' id='word_1_166' title='bbox 1042 2885 1148 2957; x_wconf 87' lang='lat' dir='ltr'>imperii</span> 
     </span>
     <span class='ocr_line' id='line_1_23' title="bbox 97 2960 1232 3036; baseline 0.002 -22"><span class='ocrx_word' id='word_1_167' title='bbox 97 2965 341 3036; x_wconf 82' lang='lat' dir='ltr'>intemperantiam,</span> <span class='ocrx_word' id='word_1_168' title='bbox 354 2976 384 3015; x_wconf 90' lang='lat' dir='ltr'>ut</span> <span class='ocrx_word' id='word_1_169' title='bbox 401 2975 492 3016; x_wconf 84' lang='lat' dir='ltr'>narrat</span> <span class='ocrx_word' id='word_1_170' title='bbox 508 2960 599 3027; x_wconf 91' lang='lat' dir='ltr'>Philo,</span> <span class='ocrx_word' id='word_1_171' title='bbox 643 2963 769 3033; x_wconf 73' lang='lat' dir='ltr'>Caligula</span> <span class='ocrx_word' id='word_1_172' title='bbox 781 2983 868 3030; x_wconf 88' lang='lat' dir='ltr'>anno,</span> <span class='ocrx_word' id='word_1_173' title='bbox 880 2978 996 3016; x_wconf 85' lang='lat' dir='ltr'>mutasse</span> <span class='ocrx_word' id='word_1_174' title='bbox 1006 2977 1101 3034; x_wconf 83' lang='lat' dir='ltr'>postea</span> <span class='ocrx_word' id='word_1_175' title='bbox 1114 2962 1148 3016; x_wconf 89' lang='lat' dir='ltr'>de</span> <span class='ocrx_word' id='word_1_176' title='bbox 1230 2979 1232 2986; x_wconf 81' lang='grc'><em>’</em></span> 
     </span>
    </p>
   </div>
   <div class='ocr_carea' id='block_1_6' title="bbox 2 3041 1150 3130">
    <p class='ocr_par' dir='ltr' id='par_1_8' title="bbox 2 3041 1150 3130">
     <span class='ocr_line' id='line_1_24' title="bbox 2 3041 1150 3130; baseline -0.008 -27"><span class='ocrx_word' id='word_1_177' title='bbox 2 3115 3 3130; x_wconf 21' lang='lat'>¹</span> <span class='ocrx_word' id='word_1_178' title='bbox 98 3063 154 3114; x_wconf 54' lang='lat' dir='ltr'>pap</span> <span class='ocrx_word' id='word_1_179' title='bbox 168 3044 231 3113; x_wconf 82' lang='lat'><strong>769.</strong></span> <span class='ocrx_word' id='word_1_180' title='bbox 244 3043 287 3095; x_wconf 83' lang='lat' dir='ltr'>Cf.</span> <span class='ocrx_word' id='word_1_181' title='bbox 304 3045 370 3108; x_wconf 89' lang='lat' dir='ltr'>Dio,</span> <span class='ocrx_word' id='word_1_182' title='bbox 382 3043 455 3108; x_wconf 82' lang='lat' dir='ltr'>LIX,</span> <span class='ocrx_word' id='word_1_183' title='bbox 470 3045 495 3095; x_wconf 81' lang='lat'>8.</span> <span class='ocrx_word' id='word_1_184' title='bbox 644 3041 697 3094; x_wconf 91' lang='lat' dir='ltr'>hoc</span> <span class='ocrx_word' id='word_1_185' title='bbox 706 3043 807 3096; x_wconf 80' lang='lat' dir='ltr'>Caesara</span> <span class='ocrx_word' id='word_1_186' title='bbox 817 3041 968 3094; x_wconf 80' lang='lat' dir='ltr'>Artabanus</span> <span class='ocrx_word' id='word_1_187' title='bbox 977 3041 1081 3095; x_wconf 83' lang='lat' dir='ltr'>ridetur</span> <span class='ocrx_word' id='word_1_188' title='bbox 1090 3060 1150 3095; x_wconf 81' lang='lat' dir='ltr'>sen·</span> 
     </span>
    </p>
   </div>
   <div class='ocr_carea' id='block_1_7' title="bbox 131 3117 1150 3196">
    <p class='ocr_par' dir='ltr' id='par_1_9' title="bbox 131 3117 1150 3196">
     <span class='ocr_line' id='line_1_25' title="bbox 131 3117 1150 3196; baseline -0.005 -17"><span class='ocrx_word' id='word_1_189' title='bbox 131 3123 234 3194; x_wconf 57' lang='lat' dir='ltr'>bQui,</span> <span class='ocrx_word' id='word_1_190' title='bbox 244 3121 483 3196; x_wconf 74' lang='lat' dir='ltr'>depupuaturosse‚</span> <span class='ocrx_word' id='word_1_191' title='bbox 495 3133 544 3173; x_wconf 85' lang='lat' dir='ltr'>etc.</span> <span class='ocrx_word' id='word_1_192' title='bbox 555 3123 600 3183; x_wconf 82' lang='lat' dir='ltr'>Vi·</span> <span class='ocrx_word' id='word_1_193' title='bbox 645 3117 770 3188; x_wconf 75' lang='lat' dir='ltr'>tentiam,</span> <span class='ocrx_word' id='word_1_194' title='bbox 789 3123 902 3174; x_wconf 85' lang='lat' dir='ltr'>fortasse</span> <span class='ocrx_word' id='word_1_195' title='bbox 918 3121 1037 3174; x_wconf 80' lang='lat' dir='ltr'>offensus</span> <span class='ocrx_word' id='word_1_196' title='bbox 1053 3133 1150 3174; x_wconf 87' lang='lat' dir='ltr'>contu·</span> 
     </span>
    </p>
   </div>
   <div class='ocr_carea' id='block_1_8' title="bbox 3 3199 1149 3276">
    <p class='ocr_par' dir='ltr' id='par_1_10' title="bbox 3 3199 1149 3276">
     <span class='ocr_line' id='line_1_26' title="bbox 3 3199 1149 3276; baseline -0.004 -19"><span class='ocrx_word' id='word_1_197' title='bbox 3 3253 5 3270; x_wconf 72' lang='grc'>,</span> <span class='ocrx_word' id='word_1_198' title='bbox 100 3205 198 3276; x_wconf 75' lang='lat' dir='ltr'>decep.</span> <span class='ocrx_word' id='word_1_199' title='bbox 211 3205 294 3274; x_wconf 81' lang='lat' dir='ltr'><strong>27.ln</strong></span> <span class='ocrx_word' id='word_1_200' title='bbox 304 3221 352 3256; x_wconf 84' lang='lat' dir='ltr'>sua</span> <span class='ocrx_word' id='word_1_201' title='bbox 362 3205 449 3274; x_wconf 84' lang='lat' dir='ltr'>capita</span> <span class='ocrx_word' id='word_1_202' title='bbox 459 3200 601 3254; x_wconf 82' lang='lat' dir='ltr'>deflectere</span> <span class='ocrx_word' id='word_1_203' title='bbox 644 3201 723 3255; x_wconf 88' lang='lat' dir='ltr'>melia</span> <span class='ocrx_word' id='word_1_204' title='bbox 740 3203 813 3254; x_wconf 89' lang='lat' dir='ltr'>Darii</span> <span class='ocrx_word' id='word_1_205' title='bbox 830 3199 983 3267; x_wconf 76' lang='lat' dir='ltr'>Arsacidae,</span> <span class='ocrx_word' id='word_1_206' title='bbox 1004 3204 1049 3273; x_wconf 91' lang='lat' dir='ltr'>qui</span> <span class='ocrx_word' id='word_1_207' title='bbox 1070 3200 1149 3254; x_wconf 84' lang='lat' dir='ltr'>obses</span> 
     </span>
    </p>
   </div>
   <div class='ocr_carea' id='block_1_9' title="bbox 100 3278 1151 3438">
    <p class='ocr_par' dir='ltr' id='par_1_11' title="bbox 100 3278 1151 3438">
     <span class='ocr_line' id='line_1_27' title="bbox 100 3278 1147 3356; baseline -0.006 -20"><span class='ocrx_word' id='word_1_208' title='bbox 100 3284 267 3356; x_wconf 77' lang='lat' dir='ltr'>reputabant</span> <span class='ocrx_word' id='word_1_209' title='bbox 278 3287 397 3337; x_wconf 81' lang='lat' dir='ltr'>Deorum</span> <span class='ocrx_word' id='word_1_210' title='bbox 409 3285 475 3334; x_wconf 86' lang='lat' dir='ltr'>iram</span> <span class='ocrx_word' id='word_1_211' title='bbox 487 3279 601 3333; x_wconf 86' lang='lat' dir='ltr'>destina·</span> <span class='ocrx_word' id='word_1_212' title='bbox 644 3284 734 3334; x_wconf 79' lang='lat' dir='ltr'>liomae</span> <span class='ocrx_word' id='word_1_213' title='bbox 748 3293 819 3344; x_wconf 85' lang='lat' dir='ltr'>erat,</span> <span class='ocrx_word' id='word_1_214' title='bbox 833 3279 868 3331; x_wconf 85' lang='lat' dir='ltr'>de</span> <span class='ocrx_word' id='word_1_215' title='bbox 879 3298 931 3350; x_wconf 83' lang='lat' dir='ltr'>qua</span> <span class='ocrx_word' id='word_1_216' title='bbox 940 3278 1000 3332; x_wconf 79' lang='lat' dir='ltr'>vide</span> <span class='ocrx_word' id='word_1_217' title='bbox 1010 3280 1079 3332; x_wconf 80' lang='lat' dir='ltr'>infra</span> <span class='ocrx_word' id='word_1_218' title='bbox 1089 3297 1147 3351; x_wconf 90' lang='lat' dir='ltr'>cap.</span> 
     </span>
     <span class='ocr_line' id='line_1_28' title="bbox 101 3357 1151 3438; baseline -0.005 -20"><span class='ocrx_word' id='word_1_219' title='bbox 101 3379 203 3438; x_wconf 78' lang='lat' dir='ltr'>umque</span> <span class='ocrx_word' id='word_1_220' title='bbox 215 3365 293 3417; x_wconf 86' lang='lat' dir='ltr'>alicui</span> <span class='ocrx_word' id='word_1_221' title='bbox 304 3377 431 3430; x_wconf 89' lang='lat' dir='ltr'>mortem,</span> <span class='ocrx_word' id='word_1_222' title='bbox 444 3363 492 3434; x_wconf 87' lang='lat' dir='ltr'>qui</span> <span class='ocrx_word' id='word_1_223' title='bbox 501 3379 551 3432; x_wconf 89' lang='lat' dir='ltr'>pro</span> <span class='ocrx_word' id='word_1_224' title='bbox 561 3379 602 3413; x_wconf 87' lang='lat' dir='ltr'>sa·</span> <span class='ocrx_word' id='word_1_225' title='bbox 648 3377 693 3430; x_wconf 84' lang='lat'>19,</span> <span class='ocrx_word' id='word_1_226' title='bbox 701 3360 748 3414; x_wconf 86' lang='lat' dir='ltr'>sed</span> <span class='ocrx_word' id='word_1_227' title='bbox 758 3360 792 3412; x_wconf 89' lang='lat' dir='ltr'>ad</span> <span class='ocrx_word' id='word_1_228' title='bbox 802 3359 944 3431; x_wconf 87' lang='lat' dir='ltr'>pristinum</span> <span class='ocrx_word' id='word_1_229' title='bbox 951 3357 1068 3412; x_wconf 85' lang='lat' dir='ltr'>officium</span> <span class='ocrx_word' id='word_1_230' title='bbox 1077 3379 1151 3413; x_wconf 82' lang='lat' dir='ltr'>revo-</span> 
     </span>
    </p>
   </div>
   <div class='ocr_carea' id='block_1_10' title="bbox 4 3436 1151 3516">
    <p class='ocr_par' dir='ltr' id='par_1_12' title="bbox 4 3436 1151 3516">
     <span class='ocr_line' id='line_1_29' title="bbox 4 3436 1151 3516; baseline -0.004 -21"><span class='ocrx_word' id='word_1_231' title='bbox 4 3463 5 3470; x_wconf 53' lang='lat'>¹</span> <span class='ocrx_word' id='word_1_232' title='bbox 102 3443 149 3498; x_wconf 86' lang='lat' dir='ltr'>late</span> <span class='ocrx_word' id='word_1_233' title='bbox 164 3449 223 3516; x_wconf 88' lang='lat' dir='ltr'>ejus</span> <span class='ocrx_word' id='word_1_234' title='bbox 241 3446 280 3496; x_wconf 86' lang='lat' dir='ltr'>ita</span> <span class='ocrx_word' id='word_1_235' title='bbox 293 3461 323 3495; x_wconf 87' lang='lat' dir='ltr'>sa</span> <span class='ocrx_word' id='word_1_236' title='bbox 341 3439 517 3494; x_wconf 83' lang='lat' dir='ltr'>devovebant.</span> <span class='ocrx_word' id='word_1_237' title='bbox 532 3440 602 3511; x_wconf 83' lang='lat' dir='ltr'>Apte</span> <span class='ocrx_word' id='word_1_238' title='bbox 645 3452 720 3491; x_wconf 86' lang='lat' dir='ltr'>catus</span> <span class='ocrx_word' id='word_1_239' title='bbox 737 3457 752 3490; x_wconf 86' lang='lat' dir='ltr'>a</span> <span class='ocrx_word' id='word_1_240' title='bbox 768 3436 886 3490; x_wconf 88' lang='lat' dir='ltr'>Vitellio.</span> <span class='ocrx_word' id='word_1_241' title='bbox 906 3438 1062 3491; x_wconf 85' lang='lat' dir='ltr'>Suetonium</span> <span class='ocrx_word' id='word_1_242' title='bbox 1077 3451 1151 3492; x_wconf 84' lang='lat' dir='ltr'>certe</span> 
     </span>
    </p>
   </div>
   <div class='ocr_carea' id='block_1_11' title="bbox 103 3515 1154 4308">
    <p class='ocr_par' dir='ltr' id='par_1_13' title="bbox 103 3515 1154 3990">
     <span class='ocr_line' id='line_1_30' title="bbox 103 3515 1151 3595; baseline -0.009 -18"><span class='ocrx_word' id='word_1_243' title='bbox 103 3525 209 3576; x_wconf 74' lang='lat' dir='ltr'>Caranb.</span> <span class='ocrx_word' id='word_1_244' title='bbox 224 3536 363 3595; x_wconf 79' lang='lat' dir='ltr'>comparat</span> <span class='ocrx_word' id='word_1_245' title='bbox 375 3523 473 3574; x_wconf 87' lang='lat' dir='ltr'>Neron.</span> <span class='ocrx_word' id='word_1_246' title='bbox 491 3519 534 3572; x_wconf 86' lang='lat'>36.</span> <span class='ocrx_word' id='word_1_247' title='bbox 549 3521 602 3571; x_wconf 80' lang='lat' dir='ltr'>Ea·</span> <span class='ocrx_word' id='word_1_248' title='bbox 646 3515 766 3570; x_wconf 87' lang='lat' dir='ltr'>eamdem</span> <span class='ocrx_word' id='word_1_249' title='bbox 779 3536 836 3569; x_wconf 89' lang='lat' dir='ltr'>rem</span> <span class='ocrx_word' id='word_1_250' title='bbox 851 3515 957 3568; x_wconf 86' lang='lat' dir='ltr'>duobus</span> <span class='ocrx_word' id='word_1_251' title='bbox 972 3515 1038 3568; x_wconf 86' lang='lat' dir='ltr'>locis</span> <span class='ocrx_word' id='word_1_252' title='bbox 1056 3519 1093 3568; x_wconf 87' lang='lat' dir='ltr'>ita</span> <span class='ocrx_word' id='word_1_253' title='bbox 1109 3519 1151 3576; x_wconf 85' lang='lat' dir='ltr'>sui</span> 
     </span>
     <span class='ocr_line' id='line_1_31' title="bbox 103 3593 1151 3670; baseline -0.006 -16"><span class='ocrx_word' id='word_1_254' title='bbox 103 3603 157 3656; x_wconf 82' lang='lat' dir='ltr'>dem</span> <span class='ocrx_word' id='word_1_255' title='bbox 173 3605 305 3656; x_wconf 84' lang='lat' dir='ltr'>sententia</span> <span class='ocrx_word' id='word_1_256' title='bbox 320 3613 439 3653; x_wconf 84' lang='lat' dir='ltr'>veterum</span> <span class='ocrx_word' id='word_1_257' title='bbox 456 3598 602 3670; x_wconf 84' lang='lat' dir='ltr'>frequenti·</span> <span class='ocrx_word' id='word_1_258' title='bbox 646 3597 829 3648; x_wconf 86' lang='lat' dir='ltr'>immemorem</span> <span class='ocrx_word' id='word_1_259' title='bbox 842 3593 996 3663; x_wconf 86' lang='lat' dir='ltr'>tradidisse,</span> <span class='ocrx_word' id='word_1_260' title='bbox 1010 3597 1052 3648; x_wconf 81' lang='lat' dir='ltr'>rix</span> <span class='ocrx_word' id='word_1_261' title='bbox 1065 3595 1151 3648; x_wconf 89' lang='lat' dir='ltr'>credi-</span> 
     </span>
     <span class='ocr_line' id='line_1_32' title="bbox 105 3674 1153 3754; baseline -0.007 -20"><span class='ocrx_word' id='word_1_262' title='bbox 105 3681 148 3734; x_wconf 77' lang='lat' dir='ltr'>bus</span> <span class='ocrx_word' id='word_1_263' title='bbox 162 3701 211 3754; x_wconf 93' lang='lat' dir='ltr'>pro</span> <span class='ocrx_word' id='word_1_264' title='bbox 224 3683 310 3753; x_wconf 82' lang='lat' dir='ltr'>patria</span> <span class='ocrx_word' id='word_1_265' title='bbox 321 3677 508 3731; x_wconf 84' lang='lat' dir='ltr'>devotionibus</span> <span class='ocrx_word' id='word_1_266' title='bbox 522 3694 602 3728; x_wconf 85' lang='lat' dir='ltr'>causa</span> <span class='ocrx_word' id='word_1_267' title='bbox 647 3675 755 3729; x_wconf 82' lang='lat' dir='ltr'>bileest.</span> <span class='ocrx_word' id='word_1_268' title='bbox 766 3678 878 3729; x_wconf 85' lang='lat' dir='ltr'>Diversa</span> <span class='ocrx_word' id='word_1_269' title='bbox 887 3677 914 3728; x_wconf 92' lang='lat' dir='ltr'>in</span> <span class='ocrx_word' id='word_1_270' title='bbox 924 3677 1043 3729; x_wconf 79' lang='lat' dir='ltr'><strong>Excmm</strong></span> <span class='ocrx_word' id='word_1_271' title='bbox 1052 3674 1087 3727; x_wconf 88' lang='lat' dir='ltr'>ad</span> <span class='ocrx_word' id='word_1_272' title='bbox 1096 3674 1123 3727; x_wconf 91' lang='lat' dir='ltr'>b.</span> <span class='ocrx_word' id='word_1_273' title='bbox 1134 3675 1153 3727; x_wconf 92' lang='lat' dir='ltr'>l.</span> 
     </span>
     <span class='ocr_line' id='line_1_33' title="bbox 105 3757 1151 3830; baseline -0.002 -18"><span class='ocrx_word' id='word_1_274' title='bbox 105 3761 157 3812; x_wconf 78' lang='lat' dir='ltr'>fuit.</span> <span class='ocrx_word' id='word_1_275' title='bbox 177 3763 275 3812; x_wconf 83' lang='lat' dir='ltr'>Postea</span> <span class='ocrx_word' id='word_1_276' title='bbox 295 3757 373 3811; x_wconf 85' lang='lat' dir='ltr'>titulo</span> <span class='ocrx_word' id='word_1_277' title='bbox 392 3757 523 3830; x_wconf 81' lang='lat' dir='ltr'>proposito</span> <span class='ocrx_word' id='word_1_278' title='bbox 545 3767 601 3818; x_wconf 84' lang='lat' dir='ltr'>est,</span> <span class='ocrx_word' id='word_1_279' title='bbox 648 3757 979 3828; x_wconf 78' lang='lat' dir='ltr'>disputatErnestparum</span> <span class='ocrx_word' id='word_1_280' title='bbox 990 3757 1151 3829; x_wconf 86' lang='lat' dir='ltr'>probabilia.</span> 
     </span>
     <span class='ocr_line' id='line_1_34' title="bbox 109 3833 1154 3904; baseline -0.004 -14"><span class='ocrx_word' id='word_1_281' title='bbox 109 3840 236 3892; x_wconf 75' lang='lat' dir='ltr'>ulormula</span> <span class='ocrx_word' id='word_1_282' title='bbox 245 3839 397 3891; x_wconf 80' lang='lat' dir='ltr'>devotionis</span> <span class='ocrx_word' id='word_1_283' title='bbox 407 3837 436 3889; x_wconf 89' lang='lat' dir='ltr'>in</span> <span class='ocrx_word' id='word_1_284' title='bbox 448 3833 540 3887; x_wconf 87' lang='lat' dir='ltr'>tabula</span> <span class='ocrx_word' id='word_1_285' title='bbox 551 3851 604 3904; x_wconf 94' lang='lat' dir='ltr'>pu·</span> <span class='ocrx_word' id='word_1_286' title='bbox 680 3837 736 3886; x_wconf 78' lang='lat' dir='ltr'>XV.</span> <span class='ocrx_word' id='word_1_287' title='bbox 749 3834 1154 3904; x_wconf 73' lang='lat' dir='ltr'>1.1ncendebar.Ms.oujuscot-</span> 
     </span>
     <span class='ocr_line' id='line_1_35' title="bbox 107 3912 1153 3990; baseline -0.004 -20"><span class='ocrx_word' id='word_1_288' title='bbox 107 3919 168 3972; x_wconf 86' lang='lat' dir='ltr'>blice</span> <span class='ocrx_word' id='word_1_289' title='bbox 179 3920 327 3990; x_wconf 82' lang='lat' dir='ltr'>proposita.</span> <span class='ocrx_word' id='word_1_290' title='bbox 339 3940 352 3965; x_wconf 72' lang='lat' dir='ltr'><em>n</em></span> <span class='ocrx_word' id='word_1_291' title='bbox 649 3913 775 3967; x_wconf 83' lang='lat' dir='ltr'>lationem</span> <span class='ocrx_word' id='word_1_292' title='bbox 787 3912 967 3966; x_wconf 83' lang='lat' dir='ltr'>commodavit</span> <span class='ocrx_word' id='word_1_293' title='bbox 979 3913 1044 3966; x_wconf 89' lang='lat' dir='ltr'>mihi</span> <span class='ocrx_word' id='word_1_294' title='bbox 1056 3914 1153 3966; x_wconf 84' lang='lat' dir='ltr'><strong>Mullo-</strong></span> 
     </span>
    </p>

    <p class='ocr_par' dir='ltr' id='par_1_14' title="bbox 109 3990 1154 4308">
     <span class='ocr_line' id='line_1_36' title="bbox 140 3990 1154 4070; baseline -0.008 -18"><span class='ocrx_word' id='word_1_295' title='bbox 140 3997 161 4051; x_wconf 87' lang='lat'>5.</span> <span class='ocrx_word' id='word_1_296' title='bbox 173 3995 466 4070; x_wconf 76' lang='lat' dir='ltr'>NamqueArtabunru,</span> <span class='ocrx_word' id='word_1_297' title='bbox 475 4005 525 4044; x_wconf 84' lang='lat' dir='ltr'>ete.</span> <span class='ocrx_word' id='word_1_298' title='bbox 536 3991 605 4043; x_wconf 87' lang='lat' dir='ltr'>Vide</span> <span class='ocrx_word' id='word_1_299' title='bbox 649 4010 708 4060; x_wconf 91' lang='lat' dir='ltr'>rus,</span> <span class='ocrx_word' id='word_1_300' title='bbox 722 3990 806 4044; x_wconf 87' lang='lat' dir='ltr'>habet</span> <span class='ocrx_word' id='word_1_301' title='bbox 819 3993 988 4060; x_wconf 72' lang='lat' dir='ltr'>distendebat,</span> <span class='ocrx_word' id='word_1_302' title='bbox 1003 3992 1077 4063; x_wconf 91' lang='lat' dir='ltr'>quod</span> <span class='ocrx_word' id='word_1_303' title='bbox 1091 4011 1154 4064; x_wconf 88' lang='lat' dir='ltr'>pro·</span> 
     </span>
     <span class='ocr_line' id='line_1_37' title="bbox 109 4071 1152 4140; baseline -0.004 -12"><span class='ocrx_word' id='word_1_304' title='bbox 109 4077 189 4130; x_wconf 79' lang='lat' dir='ltr'>liber.</span> <span class='ocrx_word' id='word_1_305' title='bbox 199 4079 244 4131; x_wconf 82' lang='lat'>66.</span> <span class='ocrx_word' id='word_1_306' title='bbox 259 4077 390 4129; x_wconf 83' lang='lat' dir='ltr'>Coactum</span> <span class='ocrx_word' id='word_1_307' title='bbox 407 4092 424 4126; x_wconf 81' lang='lat' dir='ltr'>a</span> <span class='ocrx_word' id='word_1_308' title='bbox 439 4075 468 4127; x_wconf 82' lang='lat' dir='ltr'>b.</span> <span class='ocrx_word' id='word_1_309' title='bbox 483 4071 605 4140; x_wconf 65' lang='lat' dir='ltr'>Vitellio,</span> <span class='ocrx_word' id='word_1_310' title='bbox 649 4074 696 4127; x_wconf 84' lang='lat' dir='ltr'>bat</span> <span class='ocrx_word' id='word_1_311' title='bbox 706 4075 746 4126; x_wconf 77' lang='lat' dir='ltr'>vir</span> <span class='ocrx_word' id='word_1_312' title='bbox 758 4072 801 4126; x_wconf 90' lang='lat' dir='ltr'>ille</span> <span class='ocrx_word' id='word_1_313' title='bbox 813 4072 981 4126; x_wconf 85' lang='lat' dir='ltr'>doctissimus</span> <span class='ocrx_word' id='word_1_314' title='bbox 992 4071 1152 4126; x_wconf 86' lang='lat' dir='ltr'>loco&#39;l&#39;iber.</span> 
     </span>
     <span class='ocr_line' id='line_1_38' title="bbox 110 4152 1151 4230; baseline -0.008 -20"><span class='ocrx_word' id='word_1_315' title='bbox 110 4156 180 4228; x_wconf 65' lang='lat' dir='ltr'>Syrie</span> <span class='ocrx_word' id='word_1_316' title='bbox 188 4152 522 4230; x_wconf 68' lang='lat' dir='ltr'>praeposito,Artabanum</span> <span class='ocrx_word' id='word_1_317' title='bbox 532 4165 606 4204; x_wconf 83' lang='lat' dir='ltr'>tanta</span> <span class='ocrx_word' id='word_1_318' title='bbox 650 4154 699 4218; x_wconf 76' lang='lat'>62,</span> <span class='ocrx_word' id='word_1_319' title='bbox 716 4154 813 4206; x_wconf 71' lang='lat' dir='ltr'>«auxit</span> <span class='ocrx_word' id='word_1_320' title='bbox 823 4153 987 4226; x_wconf 78' lang='lat' dir='ltr'>intenditque</span> <span class='ocrx_word' id='word_1_321' title='bbox 998 4155 1128 4206; x_wconf 76' lang='lat' dir='ltr'>sevitiam.</span> <span class='ocrx_word' id='word_1_322' title='bbox 1140 4175 1151 4198; x_wconf 73' lang='lat' dir='ltr'>n</span> 
     </span>
     <span class='ocr_line' id='line_1_39' title="bbox 109 4230 1154 4308; baseline -0.001 -22"><span class='ocrx_word' id='word_1_323' title='bbox 109 4237 261 4290; x_wconf 70' lang='lat' dir='ltr'>vaoeuudia</span> <span class='ocrx_word' id='word_1_324' title='bbox 270 4239 364 4290; x_wconf 80' lang='lat' dir='ltr'>Gaium</span> <span class='ocrx_word' id='word_1_325' title='bbox 378 4245 551 4308; x_wconf 82' lang='lat' dir='ltr'>prosecutum</span> <span class='ocrx_word' id='word_1_326' title='bbox 563 4253 606 4286; x_wconf 88' lang='lat' dir='ltr'>es·</span> <span class='ocrx_word' id='word_1_327' title='bbox 688 4251 712 4286; x_wconf 81' lang='lat' dir='ltr'>a.</span> <span class='ocrx_word' id='word_1_328' title='bbox 732 4232 775 4285; x_wconf 82' lang='lat' dir='ltr'>Ad</span> <span class='ocrx_word' id='word_1_329' title='bbox 789 4233 978 4305; x_wconf 78' lang='lat' dir='ltr'>transferendos</span> <span class='ocrx_word' id='word_1_330' title='bbox 993 4233 1082 4284; x_wconf 79' lang='lat' dir='ltr'>matris</span> <span class='ocrx_word' id='word_1_331' title='bbox 1092 4230 1154 4302; x_wconf 81' lang='lat' dir='ltr'>fra·</span> 
     </span>
    </p>
   </div>
   <div class='ocr_carea' id='block_1_12' title="bbox 199 4331 1010 4394">
    <p class='ocr_par' dir='ltr' id='par_1_15' title="bbox 199 4331 1010 4394">
     <span class='ocr_line' id='line_1_40' title="bbox 199 4331 1010 4394; baseline -0.006 -1"><span class='ocrx_word' id='word_1_332' title='bbox 199 4331 243 4394; x_wconf 83' lang='lat'>11.</span> <span class='ocrx_word' id='word_1_333' title='bbox 993 4345 1010 4388; x_wconf 73' lang='grc' dir='ltr'>α</span> 
     </span>
    </p>
   </div>
   <div class='ocr_carea' id='block_1_13' title="bbox 0 0 1570 5148">
    <p class='ocr_par' dir='ltr' id='par_1_16' title="bbox 0 0 1570 5148">
     <span class='ocr_line' id='line_1_41' title="bbox 0 0 1570 5148; baseline 0 0"><span class='ocrx_word' id='word_1_334' title='bbox 0 0 1570 5148; x_wconf 95' lang='lat' dir='ltr'> </span> 
     </span>
    </p>
   </div>
  </div>
 </body>
</html>
