3076 5146
397 555 461 633 ⁴42
770 550 806 613 C.
832 547 1069 615 SUETONll
1521 599 1523 652 q

394 693 429 746 et
445 672 584 772 quidem
599 674 782 742 immunia:
804 690 841 742 ut
859 691 952 742 tauta
970 673 1147 743 mercede⁶
1162 674 1377 768 uibilsapere
1391 676 1436 744 di-
1522 661 1523 742 l

394 811 546 857 scetes.»

441 904 499 966 vl.
523 903 560 966 C.
574 903 737 964 damnus
750 898 862 979 Snus,
874 899 1106 979 Novaniensis,
1120 921 1228 992 quum
1238 897 1434 966 aedilitatem

394 1012 502 1102 patria
515 1008 728 1100 fimgeretur‚
746 1031 853 1101 quum
865 1007 951 1074 forte
961 1003 1020 1100 jus
1033 1006 1178 1094 diceret,
1195 1009 1238 1076 ab
1251 1011 1312 1091 iis,
1329 1026 1436 1076 contra

395 1141 481 1213 quos
503 1115 767 1210 pronunciabat,
787 1114 946 1208 pedibus,
968 1140 988 1182 e
1009 1117 1170 1186 tribunali
1191 1118 1362 1188 detractus
1380 1135 1434 1186 est

394 1226 494 1314 Quod
505 1226 642 1332 indigne
654 1227 783 1309 ferens,
798 1228 911 1294 statim
922 1226 1096 1296 contendit
1105 1227 1150 1296 ad
1161 1245 1312 1321 portam,
1323 1246 1357 1296 et
1366 1228 1435 1296 inde

395 1343 560 1438 Romam:¹
575 1351 798 1431 receptusque
815 1339 851 1404 in
871 1336 986 1404 Planci
1004 1340 1147 1406 oratoris
1167 1338 1434 1421 contubernium,

395 1450 450 1514 cui
460 1445 690 1516 declamatore
701 1471 776 1515 mos
785 1463 859 1514 erat
869 1450 964 1540 prius
973 1445 1136 1542 aliquem,
1148 1451 1206 1542 qui
1216 1465 1295 1517 ante
1304 1447 1434 1532 diceret,

395 1560 556 1640 excitare,
567 1561 715 1650 suscepit
723 1581 779 1625 eas
788 1571 915 1649 partes,
927 1553 1031 1652 atque
1040 1559 1085 1626 ita
1096 1558 1265 1652 implevit,
1275 1559 1435 1627 utPlanco

396 1667 567 1736 silentium
584 1669 789 1758 imponeret,
808 1691 880 1734 nou
897 1665 1035 1736 audenti
1053 1669 1089 1735 in
1105 1672 1389 1761 comparationem
1405 1691 1436 1736 se

396 1776 583 1846 demittere.
604 1777 668 1846 Sed
687 1801 728 1844 ex
744 1801 784 1846 eo
805 1777 932 1860 clarus,
949 1782 1086 1871 propria
1100 1778 1268 1847 auditoria
1286 1782 1435 1860 instituit,

396 1887 531 1971 solitus,
545 1891 719 1981 proposita
732 1890 958 1956 controversia
972 1888 1094 1956 sedens
1107 1891 1275 1982 incipere,
1290 1906 1325 1957 et
1336 1889 1436 1958 calore

385 2001 533 2070 demum
554 2016 734 2094 provectus
755 2023 959 2092 consurgere
980 2025 1020 2068 ac
1041 2024 1210 2094 perorare.
1234 2001 1437 2069 Declamabat

396 2131 509 2182 autem
533 2137 655 2206 genere
680 2116 792 2181 vario:
817 2110 920 2179 modo
943 2111 1120 2205 splendide
1142 2130 1245 2208 atque
1268 2113 1434 2182 adornate:

397 2241 487 2308 tum,
512 2249 557 2293 ne
582 2245 826 2320 usquequaque
851 2222 1072 2293 scholasticus
1098 2211 1360 2307 existimaretur,
1382 2228 1437 2292 cir-

397 2341 544 2407 cumcise
564 2361 603 2407 ac
625 2336 779 2420 sordide,
803 2353 837 2402 et
858 2338 1092 2406 tantummodo
1115 2339 1303 2406 trivialibus
1326 2339 1435 2407 verbis.

398 2452 473 2541 Egit
488 2466 523 2516 et
538 2473 674 2531 causas,
691 2473 811 2516 verum
826 2451 952 2529 rarius,
971 2448 1054 2516 dum
1069 2449 1313 2543 amplissimam
1332 2473 1437 2546 quam·

397 2585 464 2656 que
480 2577 646 2642 sectatur3
661 2583 725 2628 nec
739 2559 844 2628 aliurn
858 2563 894 2627 in
907 2560 978 2628 ulla
990 2559 1121 2642 locum,
1139 2586 1241 2657 quam
1255 2560 1435 2655 perorandi.

399 2677 517 2740 Postea
535 2674 747 2740 renunciavit
766 2677 869 2754 Foro,
890 2673 1014 2764 partim
1032 2672 1180 2764 pudore,
1200 2675 1326 2766 partim
1343 2689 1436 2740 metu.

398 2787 485 2850 uam
509 2806 617 2876 quum
638 2785 673 2849 iu
701 2781 759 2850 lite
785 2782 933 2876 quadam
959 2782 1210 2870 centumvirali,
1237 2781 1437 2862 adversario,

399 2915 502 2986 quem
516 2907 555 2959 ut
568 2894 710 2984 impium
724 2916 804 2984 erge
818 2909 974 2986 parentes
988 2892 1190 2976 incessebat,
1209 2889 1438 2985 jusjurandum

398 3007 494 3100 quasi
507 3026 568 3097 per
582 3005 725 3096 liguram
738 3009 785 3073 sic
797 3004 989 3073 obtulisset:
1007 3007 1115 3074 «Jura
1129 3027 1191 3098 per
1202 3010 1308 3098 patris
1320 3007 1439 3072 matris·

399 3138 466 3212 que
485 3118 630 3198 cineres,
649 3118 708 3210 qui
724 3113 886 3185 inconditi
900 3112 1058 3207 jacentzv
1082 3131 1116 3183 et
1133 3115 1199 3182 alia
1216 3117 1251 3182 in
1267 3114 1361 3183 bunc
1378 3136 1438 3181 mo

399 3225 499 3296 dum:
515 3229 696 3321 arripiente
708 3253 748 3297 eo
760 3228 1004 3310 conditionem,
1016 3231 1080 3296 nec
1088 3225 1260 3321 judicibus
1271 3248 1440 3319 aspernan-

399 3336 507 3422 tibus,
527 3327 686 3407 non'sine
704 3363 825 3432 magna
841 3341 893 3404 sui
908 3336 1032 3406 invidia
1051 3340 1222 3431 negotium
1241 3334 1388 3404 afflixit¹.
1405 3339 1440 3401 Et

400 3472 518 3516 rursus
533 3451 568 3516 in
584 3451 773 3540 cognitione
788 3446 907 3531 credis,
923 3443 1121 3530 Mediolani,
1137 3443 1229 3539 apud
1243 3450 1282 3513 L.
1297 3448 1441 3513 Pisonem

401 3559 639 3628 Proconsulem
659 3559 843 3628 defendens
862 3583 975 3642 reum,
995 3581 1121 3653 quum,
1141 3557 1319 3626 cohibente
1337 3557 1441 3624 lictore

402 3671 521 3737 nimias
531 3666 762 3737 laudantium²
775 3694 891 3754 voces,
904 3671 949 3737 ita
962 3665 1214 3750 excanduisset,
1228 3683 1327 3750 utet,
1339 3663 1441 3759 deplo

401 3799 475 3850 reto
487 3780 593 3849 Italiae
605 3797 712 3864 statu,
726 3785 824 3876 quasi
835 3785 958 3849 iterum
969 3784 1004 3848 in
1019 3781 1163 3848 formam
1175 3782 1356 3873 provinciae
1367 3775 1441 3847 redi

437 4015 463 4068 6.
484 4016 572 4068 Tanta
587 4014 711 4068 mercede.
726 4015 808 4087 Apud
821 4016 904 4068 Cicer.
988 4034 1012 4068 a.
1023 4015 1201 4068 laudantium
1206 4034 1216 4076 ,·
1227 4013 1284 4067 scil.
1293 4011 1442 4074 auditum,

403 4096 483 4167 vulgo
501 4121 512 4144 ι
520 4114 569 4170 pro
582 4108 655 4148 tanta
670 4097 822 4149 mercede.»
951 4097 1064 4147 maxime
1075 4114 1107 4148 ex
1116 4092 1267 4166 discipulis,
1280 4107 1442 4164 quorumcu-

437 4177 481 4227 Vl.
499 4193 520 4228 r.
540 4175 682 4249 Negotium
698 4176 813 4250 efflictim
833 4189 861 4228 ut
875 4175 906 4228 lis
951 4192 1017 4228 rona
1034 4174 1376 4246 perorantem‘magistrnm
1393 4172 1442 4223 tiu·
1520 4223 1521 4236 2

405 4251 569 4325 perderetur,
582 4255 654 4307 fecit.
952 4255 1040 4326 gebat.
