3048 5142
369 546 433 636 196
740 545 775 608 o.
803 542 1039 610 sennenn

363 671 632 752 mine-fuissent,
653 693 721 763 quo
740 686 854 736 essent
871 667 950 736 ullae
966 667 1121 752 familiae,
1142 693 1227 763 quas
1244 676 1316 764 ipse
1332 693 1409 740 con-

363 787 526 876 tingeret:
540 779 678 862 deinde,
694 797 732 848 ut
745 783 955 872 ingratorum
966 783 1001 848 in
1013 783 1225 874 Principem3
1237 798 1410 852 testamen-

363 915 398 964 ta
411 894 455 963 ad
472 895 592 962 fiscum
607 895 836 985 pertinerent:
857 916 916 973 ac,
933 917 977 960 ne
995 895 1134 984 impune
1151 908 1241 960 esset
1256 892 1409 962 studiosis

363 1005 488 1101 juris⁴‚
511 1007 570 1099 qui
589 1006 803 1097 scripsissent
821 1001 876 1071 vel
893 1001 1076 1071 dictassent
1095 1026 1154 1070 eu:
1174 1018 1265 1084 tum,
1285 1019 1323 1070 ut
1339 1003 1409 1095 lege

366 1113 550 1209 majestatis
571 1113 659 1180 facta
679 1112 835 1209 dictaque
856 1113 987 1195 omnia,
1010 1112 1133 1207 quibus
1158 1112 1260 1181 modo
1285 1112 1410 1180 delator

362 1225 609 1307 nonfdeesset,
631 1239 838 1291 tenerentur.
860 1225 1041 1302 Revocavit
1061 1239 1095 1291 et
1118 1225 1258 1316 praemia
1277 1247 1410 1292 coronu-

363 1363 458 1422 rum‚
475 1335 574 1432 quae⁵
593 1359 746 1430 unquam
759 1334 876 1403 sibim
892 1333 1131 1403 certaminibus
1147 1337 1298 1404 civitates
1314 1334 1410 1404 detu-

363 1567 402 1608 ter
413 1573 447 1608 se.
462 1554 501 1606 cf.
514 1553 551 1606 ibi
566 1566 622 1606 not.
635 1553 772 1620 Ceterum,
784 1573 866 1630 quum
910 1553 1063 1610 hereditatis
1071 1555 1217 1624 etiamjure
1224 1571 1279 1606 non
1286 1569 1350 1605 snos
1357 1569 1411 1604 ruo-

363 1635 449 1684 oratio
462 1633 499 1684 sic
511 1633 591 1684 etiam
608 1632 704 1686 clauda
719 1647 826 1687 maneat
840 1648 866 1687 et
911 1635 945 1688 do
965 1633 1073 1688 libertos
1094 1633 1248 1704 complexus
1268 1645 1326 1698 est,
1347 1630 1410 1699 sed,

362 1709 488 1774 distorta,
500 1709 580 1761 unice
588 1707 695 1781 placere
705 1712 770 1764 mibi
780 1713 866 1765 fateor
907 1715 1113 1787 'quibuscunque
1121 1732 1218 1765 nomen
1225 1712 1281 1764 ulla
1289 1711 1321 1764 de
1331 1727 1411 1763 cansa

362 1790 570 1855 correctionem,
586 1807 643 1861 qun
656 1791 684 1840 in
697 1802 812 1843 mentem
822 1810 866 1844 re·
910 1808 995 1861 esset,
1014 1813 1074 1846 cnm
1091 1812 1138 1846 sua
1156 1804 1234 1863 gente
1254 1805 1411 1863 cognatum,

361 1879 438 1920 uerat
450 1869 539 1939 prius,
559 1885 638 1939 quam
657 1869 775 1940 Lipsium
795 1889 866 1923 eam-
910 1886 940 1924 ut
952 1873 1070 1939 Julium,
1084 1873 1238 1938 Octavium,
1256 1869 1411 1935 Claudium,

361 1947 422 2001 dem
435 1945 577 2019 protulisse
596 1951 799 2020 comperissem,
813 1951 866 2003 Co-
909 1952 1070 2019 Antonium,
1082 1953 1241 2017 Domitium,
1254 1961 1306 2001 etc.

361 2027 420 2080 dice
434 2030 515 2080 etiam
527 2026 659 2098 adjutam,
675 2028 806 2082 «dextans
820 2050 866 2082 co·
945 2030 970 2083 3.
979 2031 1089 2098 Deinde,
1097 2041 1124 2081 ut
1132 2031 1294 2101 inqratorum
1302 2028 1330 2078 in
1338 2028 1412 2080 Prin·

361 2121 477 2180 geretur,
492 2109 514 2160 si
527 2109 610 2179 qui...
627 2109 747 2161 fuissent.
760 2133 771 2156 ι
786 2109 864 2164 Sedes
909 2112 1007 2181 cipere,
1020 2124 1072 2161 etc.
1086 2108 1178 2162 Deleta
1188 2109 1282 2160 volunt
1290 2106 1372 2159 rerba
1385 2106 1411 2158 in

362 2189 432 2240 enim
442 2205 502 2238 voc.
516 2187 541 2237 ei
554 2187 580 2237 in
593 2185 666 2239 libris
678 2189 715 2239 ita
726 2201 766 2240 est
777 2189 863 2252 varia,
909 2186 1412 2260 Principern,quidelibertisadbucdici

361 2272 487 2330 ut‘certc,
501 2282 579 2334 quern
591 2264 681 2317 locum
690 2269 750 2336 jure
762 2279 864 2335 teneat,
910 2273 1073 2337 existimant,
1082 2273 1110 2321 in
1118 2268 1159 2321 his
1166 2270 1311 2320 Ernestius.
1320 2267 1410 2320 Sedde

361 2343 502 2397 decernere
510 2362 640 2415 nequeas,
651 2365 695 2411 ac,
706 2348 727 2397 si
733 2348 866 2416 genuinus
909 2351 1038 2421 quibunu's
1050 2348 1156 2422 inpectis
1170 2365 1271 2412 sermo,
1286 2347 1410 2412 maxime,

361 2436 431 2476 esset
443 2423 507 2475 ordo
518 2433 650 2497 reperetur
657 2423 694 2488 ei,
706 2426 764 2496 qui,
778 2445 826 2477 cur
834 2445 865 2477 ex
911 2429 956 2499 qui
966 2427 1094 2499 Principis
1103 2442 1201 2476 nomen
1212 2426 1240 2474 in
1250 2423 1410 2474 testamentis

360 2505 382 2557 εἶ
392 2515 480 2555 ortum
490 2515 576 2568 esset,
588 2518 757 2575 exsequente
768 2505 814 2576 qui
824 2506 865 2557 fa·
910 2508 966 2558 sine
987 2503 1090 2557 bonore
1113 2503 1339 2574 praetermisissent
1358 2499 1409 2571 (cf.

360 2582 457 2636 eillime
472 2583 618 2652 augureris.
631 2581 685 2633 Alii
697 2585 776 2634 etiarn
787 2583 865 2636 dede·
909 2587 977 2655 Aug.
992 2585 1044 2647 663
1058 2583 1141 2656 Calig.
1158 2581 1216 2652 38).
1231 2580 1303 2634 Alias
1319 2594 1412 2633 auctor

360 2676 424 2714 runt
441 2661 487 2726 ei,
498 2662 520 2714 si
539 2662 598 2732 qui,
619 2661 693 2732 quod
710 2676 866 2732 receperunt
909 2657 1411 2734 velrepetiissetvoc.libertorum,quod

360 2741 505 2810 bipontini.
519 2739 584 2806 Quae
599 2741 620 2791 si
639 2739 725 2791 minus
739 2739 863 2812 placent,
909 2740 992 2795 wolf.
1012 2754 1119 2806 monet,
1137 2739 1195 2806 rel,
1215 2736 1290 2810 quod
1307 2740 1409 2809 gravius

360 2819 864 2889 suadeotranspositionemcommatum
908 2833 989 2891 puto,
1002 2839 1057 2872 nou
1067 2818 1235 2891 disjunxisset
1243 2817 1297 2870 boc
1308 2836 1410 2870 comma

361 2897 446 2950 bunc:
459 2919 473 2943 ι
483 2910 513 2948 ut
528 2917 542 2950 e
554 2896 709 2948 libertorum
724 2896 864 2950 defuncto·
908 2920 923 2954 a
935 2902 1079 2971 superiori,
1088 2903 1186 2953 inserto
1196 2901 1302 2967 deinde,
1313 2911 1355 2968 ut,
1365 2898 1409 2953 sed

361 2977 516 3046 cambonio,
523 2977 569 3050 qui
576 2979 633 3029 sine
641 2975 775 3047 probabili
784 2996 863 3029 causo
907 2981 1077 3050 perrexisset,
1088 2980 1249 3050 inqratorum
1259 2987 1410 3029 testamenta

361 3076 393 3109 eo
409 3059 515 3109 nomine
527 3056 652 3120 fuissent,
665 3073 748 3126 quo...
762 3057 863 3107 contin·
907 3054 1041 3128 adfiscum
1052 3057 1220 3126 pertinerent.
1228 3054 1308 3107 conf.
1317 3057 1410 3121 etiem,

360 3149 447 3208 geret,
459 3153 509 3207 pro
519 3136 626 3187 semisse
637 3131 746 3186 dextans
757 3136 780 3185 ei
790 3133 827 3202 (h.
839 3153 862 3186 e.
909 3155 966 3209 quae
978 3137 1112 3188 verissime
1123 3134 1239 3206 disputat
1251 3136 1379 3187 Bremius.

360 3216 421 3286 sibi)
436 3228 607 3286 cogeretur.»
621 3211 761 3286 Reliquam
775 3211 864 3264 lectio·
944 3216 969 3281 4.
982 3215 1108 3269 Studiosis
1108 3215 1193 3288 juris‚·
1202 3214 1408 3285 jurisconsultis.

359 3297 400 3347 nis
414 3295 567 3346 varietatem
581 3292 641 3344 vide
653 3291 725 3364 apud
736 3294 823 3344 Burm.
838 3305 864 3343 et
908 3293 974 3346 Geli.
985 3295 1048 3360 Xll,
1063 3294 1108 3368 ιβ,
1121 3292 1196 3344 «Cur
1205 3292 1256 3344 boc
1267 3310 1310 3343 me
1320 3294 1409 3365 potius

246 3395 249 3402 ’
359 3371 482 3426 Oudend.
491 3371 572 3438 Quod
582 3371 614 3423 ad
623 3390 676 3423 rem
685 3371 863 3437 attinet,vide,
908 3391 1001 3442 rogas,
1016 3391 1094 3444 quam
1107 3373 1205 3425 existis
1220 3369 1403 3444 aliquemperi

360 3474 419 3525 quae
428 3451 462 3503 de
475 3451 551 3502 bonis
566 3464 592 3501 et
603 3452 773 3503 successione
784 3449 863 3502 liber·
909 3454 940 3504 tis
946 3452 1115 3524 studiosisque
1115 3452 1197 3524 juris,
1209 3469 1276 3523 quos
1283 3449 1412 3504 adbibere

359 3546 447 3585 torum
454 3529 638 3601 jurisconsulti
649 3531 682 3582 ad
691 3532 803 3583 Institut.
815 3532 863 3596 ΙΙΙ,
908 3531 936 3582 in
955 3530 1094 3582 consilium
1110 3529 1258 3601 judicaturi
1276 3527 1386 3598 soletis,
1397 3555 1409 3578 ι

361 3615 377 3667 8
396 3613 535 3684 (Heinecc.
556 3609 619 3660 Ant.
639 3609 715 3660 Rom.
739 3622 806 3678 part.
828 3611 862 3676 ΙΙ,
909 3607 1412 3682 ubivideinterpr.lbidemeademeor·

359 3711 420 3763 pag.
434 3692 500 3762 la),
516 3701 543 3742 et
557 3687 591 3740 ad
603 3691 703 3758 Digest.
715 3689 861 3754 XXXVIII,
908 3687 1076 3760 ruptelavec.
1082 3689 1150 3760 juni
1159 3691 1186 3740 in
1197 3689 1271 3755 uiris,
1282 3707 1342 3761 quas
1351 3688 1410 3743 loco

361 3789 391 3837 a,
401 3785 457 3822 tutu
466 3759 568 3820 Febris.
581 3766 614 3819 ud
622 3769 701 3818 Dion.
713 3769 759 3832 LI,
775 3765 805 3818 15
816 3769 861 3818 tin.
907 3781 1008 3818 nostro.

360 3854 564 3923 etintsrpretes,
574 3850 861 3908 maximeTorrentius,
943 3847 967 3900 5.
980 3847 1148 3900 Revocavit...
1158 3864 1230 3919 quoe,
1243 3861 1293 3900 etc.
1307 3849 1334 3900 si
1348 3866 1411 3901 sana

361 3930 395 3983 ad
413 3929 440 3982 b.
456 3928 474 3980 l.
488 3929 634 3993 Nimirum,
654 3945 736 3998 quum
754 3925 862 3979 liberto·
905 3925 1409 3990 bacestlectio,Revocavitnibilalind

358 4029 432 4073 rum,
443 4007 538 4082 quibus
550 4005 625 4057 liberi
636 4024 689 4056 non
701 4019 802 4072 essent,
813 4006 860 4060 he·
906 4024 963 4058 esse
972 4017 1073 4077 potest,
1086 4025 1164 4078 quam
1179 4005 1291 4059 «denuo
1301 4008 1370 4060 solvi
1378 4009 1411 4061 si·

322 4141 324 4146 ,
358 4086 765 4157 reditasexsemisseantiquitus
774 4083 807 4136 ad
816 4104 862 4156 pa·
905 4083 932 4136 bi
946 4086 1044 4156 jussit»
1057 4087 1165 4156 prumia
1179 4103 1241 4137 cum
1253 4084 1346 4140 delatis
1362 4105 1410 4140 eo-

358 4182 451 4221 tronos
472 4168 631 4240 pertineret,
652 4183 707 4216 non
726 4163 806 4216 modo
826 4163 860 4215 ad
906 4165 977 4215 tonis
989 4182 1005 4214 a
1017 4164 1166 4216 civitatibus
1181 4162 1244 4215 olim
1259 4162 1364 4233 oblata,
1379 4179 1410 4217 ut

356 4244 509 4300 dextantem
521 4263 580 4299 eam
589 4245 660 4297 Nero
671 4241 800 4311 extendit,
813 4241 863 4294 sed·
904 4242 959 4294 fere
975 4243 1099 4312 conjicias
1111 4242 1264 4295 Renovavit.
1281 4241 1334 4294 Sed
1344 4261 1408 4314 pro-
