3076 5146
409 556 476 636 438
787 554 822 617 C.
848 552 1083 620 SUETONll

407 707 426 751 e
440 679 624 775 Republica
638 678 772 774 fideque
787 703 848 747 sua
861 678 1047 764 videretur,
1063 696 1101 748 ut
1113 685 1229 749 Romae
1244 706 1288 749 ne
1302 700 1444 752 essent·

407 800 457 863 De
469 791 622 876 iisdem2,
634 787 810 884 interjecto
819 795 1111 885 tempore,Cneus
1123 795 1289 862 Domitius
1299 793 1449 861 AEnobar-

408 905 488 989 bus,
501 919 535 972 et
543 905 668 972 Lucius
678 905 825 970 Licinius
837 906 998 985 Crassus,
1012 908 1175 972 Censores
1186 957 1194 986 ‚
1206 908 1253 973 ita
1263 903 1446 973 edixerint:

412 1048 425 1077 α
439 1019 685 1084 Renunciatum
695 1030 747 1082 est
755 1013 869 1096 nobis,
880 1038 954 1082 esse
965 1015 1133 1094 homines,
1144 1018 1203 1109 qui
1212 1039 1342 1083 novum
1352 1042 1447 1109 genus

327 1177 333 1189 .
406 1127 591 1220 disciplinae
607 1128 843 1194 instituerunt:
859 1123 903 1192 ad
920 1149 1005 1218 quos
1017 1123 1179 1218 juventus
1194 1129 1229 1194 in
1242 1125 1365 1196 ludum
1378 1153 1448 1196 con·

405 1242 534 1306 veniat:
551 1261 608 1305 eos
624 1236 686 1304 sibi
700 1259 826 1304 nomen
839 1238 1040 1329 imposuisse
1055 1240 1193 1305 Latinos
1210 1235 1393 1306 Rhetoras:
1409 1238 1448 1305 ibi

404 1349 559 1416 homines
573 1347 846 1417 adulescentulos
863 1361 950 1415 totos
967 1348 1038 1416 dies
1054 1347 1218 1418 desidere.
1236 1347 1383 1443 Majores
1396 1375 1448 1417 no

405 1463 480 1543 stri,
497 1483 574 1556 quae
584 1458 708 1527 liberos
724 1482 804 1527 suos
818 1457 964 1543 discere,
980 1475 1013 1527 et
1027 1479 1113 1555 quos
1126 1462 1161 1527 in
1174 1459 1274 1529 ludos
1292 1463 1376 1528 itare
1390 1461 1448 1528 vel·

403 1571 491 1654 lent,
504 1573 732 1639 instituerunt.
746 1577 828 1639 Haec
839 1597 943 1653 nova,
956 1597 1034 1666 quae
1044 1588 1167 1666 praeter
1178 1571 1448 1640 consuetudinem

404 1706 445 1750 ac
465 1705 595 1750 morem
615 1678 785 1774 majorum
805 1669 911 1766 liunt,¹
930 1707 1042 1778 neque
1062 1681 1216 1775 placent,
1237 1708 1352 1779 neque
1370 1701 1451 1752 recta

404 1791 571 1860 videntur.
585 1797 800 1886 Quapropter
816 1809 849 1861 et
864 1794 923 1876 iis,
943 1796 1001 1888 qui
1018 1817 1075 1860 eos
1087 1793 1187 1862 ludos
1200 1793 1343 1878 habent,
1357 1813 1390 1863 et
1400 1799 1448 1877 iis,

405 1905 463 1999 qui
475 1926 516 1970 eo
527 1905 642 1970 venire
654 1918 877 1986 consuerunt,
889 1902 1023 1972 videtur
1034 1903 1243 1987 faciendum,
1255 1921 1295 1972 ut
1307 1905 1451 1974 ostenda-

403 2037 480 2082 mus
496 2030 647 2082 nostram
663 2017 884 2098 sententiam,
899 2014 997 2083 nobis
1014 2041 1083 2084 non
1099 2015 1244 2110 placere.
1260 2049 1273 2078 n
1292 2015 1450 2086 Paulatim

403 2142 437 2191 et
448 2125 521 2217 ipsa
534 2124 626 2193 utilis
638 2121 848 2220 honestaque
860 2129 1033 2218 apparuit:
1046 2126 1212 2222 multique
1224 2152 1301 2194 eam
1313 2127 1450 2221 praesidii

403 2259 504 2303 causa
518 2251 552 2303 et
566 2234 679 2328 gloriae
692 2238 939 2329 appetiverunt.
954 2242 1074 2307 Cranno
1088 2237 1131 2306 ad
1148 2254 1335 2331 praeturam
1353 2263 1451 2333 usque

404 2347 518 2414 Graece
530 2344 745 2413 declamavit:
761 2347 879 2414 Latine
890 2372 970 2415 vero
983 2351 1096 2416 senior
1108 2373 1261 2444 quoque,
1275 2349 1450 2444 etquidem

402 2455 627 2526 Consulibus³
642 2461 751 2526 Hirtio
765 2474 800 2526 et
813 2463 940 2544 Pansa3
955 2485 1041 2556 quos
1053 2457 1252 2554 discipulos,
1269 2479 1303 2528 et
1317 2459 1450 2553 grandes

402 2585 635 2663 praetextatos,
653 2567 804 2638 vocabat.
820 2575 941 2640 Cuauu
956 2577 1133 2640 Ponrrrun
1154 2570 1293 2668 quidam
1312 2571 1450 2641 historici

403 2678 629 2764 tradiderunt,
651 2680 714 2748 sub
733 2683 846 2772 ipsum
865 2681 962 2749 civile
981 2680 1127 2762 bellum,
1147 2707 1216 2778 quo
1233 2680 1368 2752 facilius
1382 2686 1451 2750 Caio

403 2793 557 2874 Curioni,
568 2789 939 2884 promtissimojuveni‚
951 2817 1088 2861 causam
1097 2795 1238 2861 Caesaris
1248 2791 1450 2876 defendenti,

403 2901 655 2986 contradiceret,
666 2905 827 2997 repetisse
837 2899 1048 2972 declamandi
1057 2901 1452 2990 consuetudinemfflia·

405 3038 475 3085 cuu
497 3020 694 3098 Auronrun,
718 3019 798 3083 item
821 3019 1021 3099 Aoonsruu,
1046 3039 1089 3083 ne
1112 3017 1299 3087 Mutinensi
1324 3015 1450 3111 quidem

404 3123 495 3195 bello
507 3128 670 3198 omisisse.
683 3131 774 3196 Naro
785 3129 894 3201 casir
904 3144 938 3194 et
946 3129 1056 3218 primo
1067 3125 1196 3218 imperii
1209 3147 1314 3208 anno,
1328 3123 1451 3218 publice

406 3261 542 3332 quoque
556 3238 608 3305 bis
622 3253 738 3321 antea,
754 3236 971 3306 declamavit:
989 3236 1143 3331 plerique
1157 3247 1273 3303 autem
1286 3253 1452 3305 oratorum

405 3353 507 3417 etiam
525 3348 786 3418 declamationes
800 3347 990 3418 ediderunt.
1006 3353 1119 3434 Quare
1133 3372 1258 3441 magno
1273 3347 1387 3417 studio
1399 3347 1451 3416 ho-

405 3459 551 3528 minibus
569 3457 708 3553 injecto,
728 3485 851 3552 magna
865 3463 966 3528 etiam
980 3459 1212 3553 professorum
1225 3483 1268 3528 ac
1281 3459 1452 3528 doctorum

405 3569 566 3664 profluxit
585 3574 698 3665 copia,
719 3571 871 3666 adeoque
892 3570 1025 3653 floruit,
1039 3586 1086 3654 ut
1106 3567 1262 3638 nonnulli
1284 3593 1326 3638 ex
1347 3569 1452 3638 infima

442 3800 467 3834 a.
482 3781 522 3834 De
533 3781 637 3847 iisdem,
651 3794 700 3834 etc.
712 3781 753 3834 De
763 3782 909 3837 coercendis
952 3781 1068 3834 Pansam
1080 3782 1232 3834 nominasse
1240 3799 1292 3851 pro
1302 3776 1451 3844 Dolabella,

405 3860 546 3914 rhetoribus
558 3859 648 3913 latinis
660 3859 728 3914 Gell.
744 3860 795 3912 loc.
808 3863 852 3914 cit.
865 3860 906 3914 Gi.
953 3875 1082 3914 censetex
1090 3862 1145 3914 Cic.
1155 3860 1189 3913 ad
1195 3861 1314 3926 ntum,
1325 3859 1372 3927 16,
1382 3858 1452 3912 uldin

405 3939 479 4013 Pigh.
487 3952 551 3993 torn.
560 3939 609 4006 ΙΙΙ,
618 3958 646 4011 p.
660 3955 724 4004 ata,
733 3938 767 3990 ad
775 3939 906 3992 anniibr.
954 3940 1019 3994 tium
1029 3959 1078 4012 ego
1088 3954 1115 3992 et
1124 3938 1295 3994 Dolabellam
1304 3939 1409 3992 dicendi
1418 3937 1451 3988 di·

441 4022 467 4075 3.
476 4019 621 4093 thuidem
631 4019 797 4088 Consulibus,
806 4033 856 4072 cto.
864 4020 907 4072 Al.
954 4020 1071 4092 scipulos
1082 4020 1179 4074 habeo.
1191 4043 1202 4070 ι
1214 4019 1282 4073 Mihi
1294 4021 1384 4090 ipsum
1393 4020 1451 4069 Pan·

406 4120 465 4156 cum
475 4099 908 4173 Consilinuwolfirecspitcum,
953 4119 987 4154 sse
1003 4097 1101 4154 nomen
1119 4100 1261 4155 ostendere
1279 4099 1398 4165 videtur,
1413 4116 1452 4149 ve·

405 4192 432 4234 et
446 4183 550 4234 uncinis
566 4178 673 4233 inclusit
683 4199 777 4233 rocem
790 4181 908 4235 Considi-
952 4199 1008 4232 ram
1017 4199 1074 4234 esse
1082 4180 1222 4234 lectionem
1231 4179 1386 4234 Consulibus
1394 4175 1450 4230 Hir·

407 4261 467 4324 bus,
493 4274 518 4312 et
542 4279 588 4331 per
612 4279 727 4313 errorem
752 4260 907 4314 Suetonium
954 4261 990 4312 tio
1005 4272 1029 4310 et
1044 4259 1139 4312 Pansa.
