3054 5152
359 510 425 574 ¹132
740 503 776 568 C.
802 501 1038 569 SUETONII

357 635 490 725 peinm,
513 624 652 720 majoris
678 625 756 695 filiae
780 628 910 710 vuum,
936 641 970 694 et
992 631 1030 693 L.
1055 624 1246 711 Silanumss,
1269 630 1412 696 minoris

358 765 532 837 sponsum.
549 744 600 806 Ex
616 738 740 833 quibus
754 740 935 831 Pompeius
951 741 988 806 in
1003 737 1184 806 concubitu
1203 739 1317 809 dilecti
1334 740 1415 808 ado-

355 850 534 922 lescentuli
561 850 736 919 confossus
762 867 836 918 est:
865 849 996 918 Silanus
1020 848 1175 918 abdicare
1202 875 1238 918 se
1262 868 1415 945 praetura

355 982 433 1034 ante
454 979 615 1059 quartum
637 960 805 1029 Kalendas
825 963 1021 1042 lanuarias,
1043 963 1198 1056 morique
1216 965 1313 1031 initio
1331 967 1414 1032 anui

356 1092 510 1160 coactus,
535 1073 589 1142 die
612 1076 686 1167 ipsc
709 1072 840 1140 Claudii
866 1089 900 1141 et
922 1075 1115 1166 Agrippinae
1137 1077 1346 1167 nuptiarum.
1372 1080 1413 1143 ln

356 1188 507 1282 quinque
536 1201 570 1252 et
595 1186 731 1274 triginta
758 1187 977 1265 Senatores9,
1001 1200 1240 1279 trecentosque
1265 1185 1413 1279 amplius

354 1301 493 1393 Equites
516 1303 686 1364 Romanos
710 1311 804 1364 tanta
825 1296 982 1364 facilitate
1003 1296 1261 1379 animadvertit,
1282 1315 1342 1380 ut,
1367 1296 1412 1366 de

353 1432 437 1476 nece
457 1406 644 1476 consularis
665 1408 728 1474 viri
750 1409 970 1474 renunciante
993 1409 1215 1492 Centurione,
1243 1413 1412 1476 «Factum

353 1545 427 1590 esse
449 1518 540 1615 quod
562 1522 805 1612 imperasset,r
831 1529 1018 1611 negaretw,
1040 1523 1222 1615 quicquam
1244 1545 1280 1587 se
1300 1523 1412 1613 impe·

353 1655 463 1713 rasse,
484 1629 590 1697 nihilo
609 1631 721 1696 minus
740 1653 813 1696 rem
831 1627 1084 1721 comprobaret,
1105 1629 1353 1698 affirmantibus
1372 1627 1411 1698 li·

352 1741 473 1822 bertis,
487 1739 597 1808 officio
609 1738 732 1806 milites
747 1740 898 1819 functos,
912 1737 1004 1833 quod
1017 1737 1061 1805 ad
1075 1737 1241 1808 ultionem
1257 1744 1411 1833 Impera·

351 1854 434 1920 toris
453 1849 543 1918 ultro
556 1851 859 1944 procucurrissent.
880 1855 965 1916 Nam
981 1846 1067 1915 illud
1081 1872 1219 1916 omnem
1230 1848 1334 1917 fidem
1351 1875 1410 1918 ex-

350 1965 506 2046 cesserit,
522 1958 613 2056 quod
625 1962 752 2052 nuptiis
762 2011 771 2042 ,
781 1981 868 2054 quas
878 1959 1060 2028 Messalina
1068 1984 1147 2028 cum
1160 1959 1316 2029 adultero
1327 1960 1410 2030 Silio

346 2219 444 2276 tulit.»
466 2220 560 2272 Postea
582 2217 727 2270 ncmssum
745 2229 800 2268 tam
812 2218 854 2269 fa·
900 2217 1027 2272 Claudius
1045 2217 1166 2283 diremit,
1185 2216 1352 2292 adactusque
1366 2221 1410 2273 Si-

350 2316 449 2356 tuum·
471 2299 552 2367 dicit,
573 2311 624 2352 «ut
645 2287 726 2350 etiani
744 2315 855 2368 regnare
900 2296 991 2362 lanus,
1004 2301 1108 2370 ejurare
1119 2299 1317 2367 magistratum,
1328 2315 1355 2352 et
1367 2319 1410 2353 re·

350 2391 452 2454 posset.
464 2402 476 2425 ι
900 2375 989 2446 liquus
996 2390 1114 2447 praetura
1121 2375 1178 2429 dies
1185 2379 1212 2430 in
1222 2379 1331 2449 Eprium
1340 2381 1410 2431 Man

388 2455 856 2528 8.EtL.SilanumreponsumOcta·
900 2455 997 2508 cellum
1016 2455 1130 2509 collatus
1150 2469 1226 2518 est;s
1246 2470 1272 2509 et
1291 2476 1353 2530 cap.
1374 2460 1410 2524 8,

349 2540 415 2600 vie,
427 2537 537 2589 minoris
549 2535 654 2587 Claudii
669 2535 727 2586 filie
739 2550 771 2585 ex
784 2535 855 2586 Mas·
903 2536 973 2590 :Die
987 2538 1142 2607 nuptiarum
1154 2535 1258 2588 Silanus
1270 2535 1321 2588 sibi
1333 2556 1410 2589 mor-

351 2615 437 2670 salina
446 2617 484 2684 (c.
495 2614 552 2685 27).
560 2618 599 2667 De
610 2617 667 2684 ejus
677 2626 761 2664 morte
771 2611 854 2664 Tacit.
900 2626 952 2667 tem
966 2615 1109 2679 conscivit,
1122 2615 1175 2666 sive
1187 2633 1219 2666 eo
1232 2632 1319 2684 usqua
1331 2634 1410 2686 spem

351 2696 447 2751 Annal.
461 2698 523 2760 Xll,
536 2694 567 2762 4,
581 2693 736 2757 «Vitellius,
747 2694 856 2743 nomine
900 2695 958 2746 vitre
969 2692 1147 2764 produxerat,
1162 2712 1208 2746 seu
1224 2691 1330 2746 delecto
1345 2694 1409 2761 die,

351 2781 474 2833 Censoris
502 2776 609 2828 serviles
635 2774 752 2827 fallacias
778 2773 855 2826 obte-

350 2877 433 2932 gens,
447 2858 681 2930 ingruentiumque
695 2853 856 2905 dominatio-

350 2937 415 2992 nuni
426 2939 560 3010 provisor,
572 2952 626 3005 quo
637 2934 749 3005 gratiam
762 2933 855 3005 Agrip-

349 3020 418 3090 pinae
431 3027 553 3089 pararet,
568 3013 684 3064 consiliis
696 3014 753 3082 ejus
768 3010 855 3083 impli-

348 3099 421 3164 cari,
440 3112 527 3147 serere
545 3093 656 3144 crimina
672 3093 700 3142 in
720 3089 854 3157 Silanum,

350 3177 394 3226 cui
412 3192 476 3226 sane
495 3170 593 3224 decora
613 3183 639 3222 et
653 3189 752 3241 procax
768 3187 855 3236 soror,

349 3254 428 3305 lunia
441 3251 564 3318 Calvina,
580 3248 653 3302 haud
666 3248 778 3300 multum
793 3262 855 3300 ante

348 3329 449 3384 Vitellii
463 3347 547 3382 nurus
558 3330 654 3380 fuerat.
667 3329 735 3378 Hinc
748 3327 854 3378 initium

350 3411 545 3470 accusationis3
558 3409 725 3476 fratrumque
741 3423 796 3456 non
810 3407 852 3456 ia-

349 3505 466 3556 cestum,
477 3487 525 3541 sed
533 3485 727 3538 incustoditum
735 3503 851 3536 amorem

349 3570 384 3623 ad
401 3570 539 3622 infantiam
557 3568 644 3619 traxit.
666 3568 699 3617 Et
718 3565 852 3637 praebebat

348 3651 436 3704 Caesar
446 3665 535 3716 aures,
545 3645 705 3718 accipiendis
713 3644 852 3696 adversum

348 3747 476 3802 generum
492 3725 687 3799 suspicionibus
701 3726 811 3777 caritate
820 3723 853 3773 li·

350 3809 390 3862 lise
406 3807 547 3882 promtior.
563 3808 599 3858 At
612 3804 732 3872 Silanus,
746 3803 854 3855 insidia·

350 3907 410 3940 rum
420 3887 540 3954 nescius,
549 3903 581 3938 ac
590 3886 659 3936 forte
669 3902 701 3934 eo
709 3901 780 3936 auno
790 3884 854 3935 Prte-

349 3981 402 4034 tor,
421 3977 530 4040 repente
548 3983 598 4036 per
618 3963 735 4015 edictum
755 3959 854 4012 Vitellii

348 4049 441 4102 ordine
456 4048 592 4101 senatorio
604 4059 739 4111 movetur,
757 4061 851 4113 quarn-

349 4148 428 4200 quam
450 4129 520 4182 lecto
544 4125 648 4200 pridem
671 4127 787 4191 Senatu,
811 4123 852 4175 lu·

349 4224 456 4281 atroque
470 4207 590 4261 condito.
602 4204 684 4260 Simul
696 4203 850 4258 affinitatem

901 2770 1049 2843 aagendam
1070 2769 1103 2824 ad
1123 2771 1257 2830 inuidiam.
1277 2772 1410 2841 Calvina,

901 2868 976 2902 soror
992 2852 1066 2920 ejus,
1085 2849 1160 2901 ltalia
1177 2850 1255 2920 pulsa
1273 2863 1322 2902 est.
1334 2875 1346 2899 ι
1364 2852 1408 2904 cf.

899 2929 1034 2994 Zonaras,
1049 2945 1112 2998 pag.
1131 2928 1188 2981 185.

935 3024 962 3076 9.
980 3007 1014 3058 In
1032 3008 1149 3080 quinque
1160 3017 1186 3058 et
1199 3008 1307 3080 triplum
1321 3009 1409 3061 Sena-

899 3098 978 3153 tores,
995 3099 1045 3139 etc.
1060 3088 1172 3153 Seneca,
1184 3086 1236 3138 loc.
1251 3089 1295 3138 cit.
1312 3091 1410 3141 tocci-

900 3186 943 3220 sos
955 3169 1095 3222 Senatores
1109 3185 1176 3235 xxx,
1188 3169 1299 3239 Equites
1311 3171 1410 3223 Roma·

899 3266 948 3299 nos
967 3264 1047 3300 cccxv
1067 3261 1147 3320 atque
1171 3247 1279 3320 plures;
1301 3263 1407 3302 ceteros

897 3343 973 3380 ccxxi
994 3323 1040 3379 dee.
1057 3324 1177 3395 ψσξιιαθὸς
1194 3348 1220 3380 rs
1236 3325 1296 3386 aisse
1309 3347 1362 3381 etr
1380 3331 1408 3383 ei

902 3407 1003 3478 objicit.

936 3503 976 3540 10.
1000 3487 1063 3540 Ut...
1079 3499 1198 3562 separet,
1211 3501 1261 3542 etc.
1276 3487 1305 3540 h.
1320 3507 1345 3542 e.
1358 3509 1407 3543 ne·

895 3579 971 3638 garet
981 3564 1102 3639 quidem,
1112 3585 1140 3619 se
1147 3569 1407 3640 imperasse,tamen

896 3665 951 3699 rem
962 3645 1158 3717 comprobaret.
1169 3647 1247 3699 Haud
1255 3661 1323 3719 puto
1335 3648 1409 3700 rnul-

897 3740 954 3778 tnm
965 3726 1032 3778 lucri
1044 3726 1133 3778 facere
1143 3728 1291 3781 orationem
1303 3729 1406 3782 inserto

898 3823 977 3879 quum
994 3817 1055 3876 post
1071 3817 1115 3871 ut,
1133 3805 1207 3877 quod
1218 3825 1233 3858 e
1244 3807 1317 3859 MSS.
1332 3826 1406 3859 non-

897 3883 978 3938 nullis
991 3886 1092 3956 recepit
1101 3885 1225 3937 Oudend.
1240 3900 1266 3938 et
1277 3885 1406 3957 probarit
1421 3913 1425 3919 ·

897 3960 1027 4032 wolfius,
1042 3965 1219 4034 interpretans
1231 3981 1312 4036 quum
1326 3986 1406 4040 nepa-

896 4055 934 4096 ret
945 4062 994 4114 per
1004 4045 1125 4117 quumvis
1137 4055 1251 4118 negaret.
1261 4045 1353 4117 Longe
1367 4047 1405 4099 fe·

896 4123 972 4174 cilior
988 4123 1053 4175 mihi
1067 4121 1171 4176 videtur
1185 4125 1271 4176 oratio
1286 4127 1345 4179 sine
1357 4125 1406 4182 illa

895 4202 1009 4277 copula,
1027 4222 1107 4277 quant
1127 4207 1206 4258 etiam
1221 4211 1403 4262 necessariam
