<?xml version="1.0" encoding="UTF-8"?>
<!DOCTYPE html PUBLIC "-//W3C//DTD XHTML 1.0 Transitional//EN"
    "http://www.w3.org/TR/xhtml1/DTD/xhtml1-transitional.dtd">
<html xmlns="http://www.w3.org/1999/xhtml" xml:lang="en" lang="en">
 <head>
  <title>
</title>
<meta http-equiv="Content-Type" content="text/html;charset=utf-8" />
  <meta name='ocr-system' content='tesseract 3.04.00' />
  <meta name='ocr-capabilities' content='ocr_page ocr_carea ocr_par ocr_line ocrx_word'/>
</head>
<body>
  <div class='ocr_page' id='page_1' title='image "./csuetoniitranqu00suetgoog_0525.png"; bbox 0 0 3076 5146; ppageno 0'>
   <div class='ocr_carea' id='block_1_1' title="bbox 480 539 1163 633">
    <p class='ocr_par' dir='ltr' id='par_1_1' title="bbox 480 539 1163 633">
     <span class='ocr_line' id='line_1_1' title="bbox 480 539 1163 633; baseline 0.01 -31"><span class='ocrx_word' id='word_1_1' title='bbox 480 539 730 604; x_wconf 83' lang='lat' dir='ltr'>nxcunsns</span> <span class='ocrx_word' id='word_1_2' title='bbox 754 540 813 603; x_wconf 80' lang='lat' dir='ltr'>rx.</span> <span class='ocrx_word' id='word_1_3' title='bbox 855 626 856 633; x_wconf 8' lang='grc' dir='ltr'><strong><em>Ν</em></strong></span> <span class='ocrx_word' id='word_1_4' title='bbox 1098 545 1163 632; x_wconf 72' lang='lat'>487</span> 
     </span>
    </p>
   </div>
   <div class='ocr_carea' id='block_1_2' title="bbox 112 664 1166 1533">
    <p class='ocr_par' dir='ltr' id='par_1_2' title="bbox 112 664 1166 1533">
     <span class='ocr_line' id='line_1_2' title="bbox 115 664 1165 736; baseline 0.007 -21"><span class='ocrx_word' id='word_1_5' title='bbox 115 666 232 716; x_wconf 88' lang='lat' dir='ltr'>muneris</span> <span class='ocrx_word' id='word_1_6' title='bbox 246 664 384 716; x_wconf 87' lang='lat' dir='ltr'>habiturus</span> <span class='ocrx_word' id='word_1_7' title='bbox 398 664 439 715; x_wconf 87' lang='lat' dir='ltr'>sit.</span> <span class='ocrx_word' id='word_1_8' title='bbox 453 665 523 715; x_wconf 84' lang='lat' dir='ltr'>Nam</span> <span class='ocrx_word' id='word_1_9' title='bbox 535 682 600 730; x_wconf 89' lang='lat' dir='ltr'>nec,</span> <span class='ocrx_word' id='word_1_10' title='bbox 617 666 663 734; x_wconf 92' lang='lat' dir='ltr'>qui</span> <span class='ocrx_word' id='word_1_11' title='bbox 675 665 776 734; x_wconf 88' lang='lat' dir='ltr'>primus</span> <span class='ocrx_word' id='word_1_12' title='bbox 788 666 882 716; x_wconf 78' lang='lat' dir='ltr'>Praetor</span> <span class='ocrx_word' id='word_1_13' title='bbox 891 679 995 719; x_wconf 85' lang='lat' dir='ltr'>creatus</span> <span class='ocrx_word' id='word_1_14' title='bbox 1007 682 1063 736; x_wconf 88' lang='lat' dir='ltr'>est,</span> <span class='ocrx_word' id='word_1_15' title='bbox 1078 672 1165 722; x_wconf 87' lang='lat' dir='ltr'>statim</span> 
     </span>
     <span class='ocr_line' id='line_1_3' title="bbox 114 742 1164 816; baseline 0.005 -20"><span class='ocrx_word' id='word_1_16' title='bbox 114 746 147 796; x_wconf 87' lang='lat' dir='ltr'>sit</span> <span class='ocrx_word' id='word_1_17' title='bbox 164 746 264 796; x_wconf 70' lang='lat' dir='ltr'>Praetor</span> <span class='ocrx_word' id='word_1_18' title='bbox 279 745 395 816; x_wconf 89' lang='lat' dir='ltr'>primus,</span> <span class='ocrx_word' id='word_1_19' title='bbox 415 746 468 796; x_wconf 88' lang='lat' dir='ltr'>sive</span> <span class='ocrx_word' id='word_1_20' title='bbox 482 742 617 795; x_wconf 86' lang='lat' dir='ltr'>urbanus:</span> <span class='ocrx_word' id='word_1_21' title='bbox 636 762 700 808; x_wconf 91' lang='lat' dir='ltr'>nec,</span> <span class='ocrx_word' id='word_1_22' title='bbox 717 746 762 814; x_wconf 91' lang='lat' dir='ltr'>qui</span> <span class='ocrx_word' id='word_1_23' title='bbox 776 743 883 797; x_wconf 82' lang='lat' dir='ltr'>ultimus</span> <span class='ocrx_word' id='word_1_24' title='bbox 900 759 1002 799; x_wconf 84' lang='lat' dir='ltr'>creatus</span> <span class='ocrx_word' id='word_1_25' title='bbox 1019 761 1073 815; x_wconf 89' lang='lat' dir='ltr'>est,</span> <span class='ocrx_word' id='word_1_26' title='bbox 1092 748 1164 802; x_wconf 83' lang='lat' dir='ltr'>iilam</span> 
     </span>
     <span class='ocr_line' id='line_1_4' title="bbox 115 820 1165 897; baseline 0.006 -23"><span class='ocrx_word' id='word_1_27' title='bbox 115 841 208 874; x_wconf 82' lang='lat' dir='ltr'>curam</span> <span class='ocrx_word' id='word_1_28' title='bbox 226 821 323 890; x_wconf 89' lang='lat' dir='ltr'>habet,</span> <span class='ocrx_word' id='word_1_29' title='bbox 341 835 452 895; x_wconf 86' lang='lat' dir='ltr'>propter</span> <span class='ocrx_word' id='word_1_30' title='bbox 472 840 550 893; x_wconf 88' lang='lat' dir='ltr'>quam</span> <span class='ocrx_word' id='word_1_31' title='bbox 570 820 678 874; x_wconf 82' lang='lat' dir='ltr'>ultimus</span> <span class='ocrx_word' id='word_1_32' title='bbox 694 822 770 874; x_wconf 85' lang='lat' dir='ltr'>locus</span> <span class='ocrx_word' id='word_1_33' title='bbox 788 822 850 872; x_wconf 83' lang='lat' dir='ltr'>oiim</span> <span class='ocrx_word' id='word_1_34' title='bbox 868 827 985 876; x_wconf 84' lang='lat' dir='ltr'>accessit.</span> <span class='ocrx_word' id='word_1_35' title='bbox 1005 825 1057 878; x_wconf 88' lang='lat' dir='ltr'>Ubi</span> <span class='ocrx_word' id='word_1_36' title='bbox 1074 827 1165 897; x_wconf 83' lang='lat' dir='ltr'>plnres</span> 
     </span>
     <span class='ocr_line' id='line_1_5' title="bbox 115 901 1165 973; baseline 0.003 -19"><span class='ocrx_word' id='word_1_37' title='bbox 115 903 211 954; x_wconf 86' lang='lat' dir='ltr'>eodem</span> <span class='ocrx_word' id='word_1_38' title='bbox 224 907 330 955; x_wconf 90' lang='lat' dir='ltr'>nomine</span> <span class='ocrx_word' id='word_1_39' title='bbox 343 903 509 973; x_wconf 69' lang='lat' dir='ltr'><strong>magistratus</strong></span> <span class='ocrx_word' id='word_1_40' title='bbox 522 914 655 967; x_wconf 76' lang='lat' dir='ltr'>creantur,</span> <span class='ocrx_word' id='word_1_41' title='bbox 667 902 712 972; x_wconf 92' lang='lat' dir='ltr'>qui</span> <span class='ocrx_word' id='word_1_42' title='bbox 726 920 779 951; x_wconf 91' lang='lat' dir='ltr'>non</span> <span class='ocrx_word' id='word_1_43' title='bbox 792 903 964 954; x_wconf 87' lang='lat' dir='ltr'>communiter</span> <span class='ocrx_word' id='word_1_44' title='bbox 976 901 1046 954; x_wconf 88' lang='lat' dir='ltr'>idem</span> <span class='ocrx_word' id='word_1_45' title='bbox 1059 918 1165 972; x_wconf 85' lang='lat' dir='ltr'>curent,</span> 
     </span>
     <span class='ocr_line' id='line_1_6' title="bbox 114 981 1164 1054; baseline 0.002 -20"><span class='ocrx_word' id='word_1_46' title='bbox 114 997 144 1034; x_wconf 85' lang='lat' dir='ltr'>ut</span> <span class='ocrx_word' id='word_1_47' title='bbox 158 982 302 1050; x_wconf 74' lang='lat' dir='ltr'><strong>Consules,</strong></span> <span class='ocrx_word' id='word_1_48' title='bbox 319 985 465 1035; x_wconf 87' lang='lat' dir='ltr'>sortiuntur</span> <span class='ocrx_word' id='word_1_49' title='bbox 480 981 518 1032; x_wconf 86' lang='lat' dir='ltr'>itti</span> <span class='ocrx_word' id='word_1_50' title='bbox 530 993 617 1051; x_wconf 86' lang='lat' dir='ltr'>partes</span> <span class='ocrx_word' id='word_1_51' title='bbox 632 982 747 1032; x_wconf 87' lang='lat' dir='ltr'>muneris</span> <span class='ocrx_word' id='word_1_52' title='bbox 764 981 880 1051; x_wconf 85' lang='lat' dir='ltr'>publici,</span> <span class='ocrx_word' id='word_1_53' title='bbox 900 996 929 1034; x_wconf 93' lang='lat' dir='ltr'>ut</span> <span class='ocrx_word' id='word_1_54' title='bbox 946 984 1079 1036; x_wconf 77' lang='lat' dir='ltr'>Praetores.</span> <span class='ocrx_word' id='word_1_55' title='bbox 1094 988 1164 1054; x_wconf 74' lang='lat' dir='ltr'>Ergo</span> 
     </span>
     <span class='ocr_line' id='line_1_7' title="bbox 113 1061 1163 1132; baseline 0.001 -19"><span class='ocrx_word' id='word_1_56' title='bbox 113 1061 281 1132; x_wconf 76' lang='lat' dir='ltr'>Vespasiano</span> <span class='ocrx_word' id='word_1_57' title='bbox 295 1077 365 1114; x_wconf 81' lang='lat' dir='ltr'>sorte</span> <span class='ocrx_word' id='word_1_58' title='bbox 376 1061 420 1112; x_wconf 83' lang='lat' dir='ltr'>itta</span> <span class='ocrx_word' id='word_1_59' title='bbox 432 1063 531 1112; x_wconf 83' lang='lat' dir='ltr'>viarum</span> <span class='ocrx_word' id='word_1_60' title='bbox 546 1078 609 1112; x_wconf 87' lang='lat' dir='ltr'>cura</span> <span class='ocrx_word' id='word_1_61' title='bbox 624 1061 726 1126; x_wconf 87' lang='lat' dir='ltr'>evenit,</span> <span class='ocrx_word' id='word_1_62' title='bbox 741 1062 788 1111; x_wconf 85' lang='lat' dir='ltr'>etsi</span> <span class='ocrx_word' id='word_1_63' title='bbox 802 1061 894 1112; x_wconf 84' lang='lat' dir='ltr'>ultimo</span> <span class='ocrx_word' id='word_1_64' title='bbox 906 1061 967 1114; x_wconf 86' lang='lat' dir='ltr'>loco</span> <span class='ocrx_word' id='word_1_65' title='bbox 980 1078 1083 1115; x_wconf 85' lang='lat' dir='ltr'>oreatus</span> <span class='ocrx_word' id='word_1_66' title='bbox 1098 1075 1163 1115; x_wconf 89' lang='lat' dir='ltr'>erat.</span> 
     </span>
     <span class='ocr_line' id='line_1_8' title="bbox 113 1138 1164 1215; baseline 0.002 -22"><span class='ocrx_word' id='word_1_67' title='bbox 113 1143 174 1193; x_wconf 77' lang='lat' dir='ltr'>dam</span> <span class='ocrx_word' id='word_1_68' title='bbox 188 1143 285 1202; x_wconf 78' lang='lat' dir='ltr'>rerba,</span> <span class='ocrx_word' id='word_1_69' title='bbox 297 1142 384 1215; x_wconf 80' lang='lat' dir='ltr'>prima</span> <span class='ocrx_word' id='word_1_70' title='bbox 396 1143 482 1194; x_wconf 85' lang='lat' dir='ltr'>statim</span> <span class='ocrx_word' id='word_1_71' title='bbox 493 1141 635 1212; x_wconf 83' lang='lat' dir='ltr'>petitione,</span> <span class='ocrx_word' id='word_1_72' title='bbox 651 1138 683 1190; x_wconf 84' lang='lat' dir='ltr'>ad</span> <span class='ocrx_word' id='word_1_73' title='bbox 700 1139 799 1192; x_wconf 83' lang='lat' dir='ltr'>nullam</span> <span class='ocrx_word' id='word_1_74' title='bbox 814 1141 892 1192; x_wconf 83' lang='lat' dir='ltr'>aliam</span> <span class='ocrx_word' id='word_1_75' title='bbox 905 1161 976 1208; x_wconf 91' lang='lat' dir='ltr'>rem,</span> <span class='ocrx_word' id='word_1_76' title='bbox 988 1145 1039 1194; x_wconf 82' lang='lat' dir='ltr'>nisi</span> <span class='ocrx_word' id='word_1_77' title='bbox 1051 1143 1084 1194; x_wconf 86' lang='lat' dir='ltr'>ad</span> <span class='ocrx_word' id='word_1_78' title='bbox 1097 1162 1164 1214; x_wconf 79' lang='lat' dir='ltr'>prte-</span> 
     </span>
     <span class='ocr_line' id='line_1_9' title="bbox 116 1217 1166 1294; baseline 0.001 -23"><span class='ocrx_word' id='word_1_79' title='bbox 116 1234 203 1274; x_wconf 89' lang='lat' dir='ltr'>turam</span> <span class='ocrx_word' id='word_1_80' title='bbox 219 1224 311 1274; x_wconf 82' lang='lat' dir='ltr'>referri</span> <span class='ocrx_word' id='word_1_81' title='bbox 329 1233 457 1294; x_wconf 82' lang='lat' dir='ltr'>possunt3</span> <span class='ocrx_word' id='word_1_82' title='bbox 477 1238 531 1271; x_wconf 91' lang='lat' dir='ltr'>nou</span> <span class='ocrx_word' id='word_1_83' title='bbox 552 1217 586 1270; x_wconf 86' lang='lat' dir='ltr'>ad</span> <span class='ocrx_word' id='word_1_84' title='bbox 604 1219 770 1286; x_wconf 79' lang='lat' dir='ltr'>aedilitatem,</span> <span class='ocrx_word' id='word_1_85' title='bbox 789 1232 818 1270; x_wconf 94' lang='lat' dir='ltr'>ut</span> <span class='ocrx_word' id='word_1_86' title='bbox 836 1223 1001 1273; x_wconf 80' lang='lat' dir='ltr'>Burmannus</span> <span class='ocrx_word' id='word_1_87' title='bbox 1018 1221 1081 1272; x_wconf 83' lang='lat' dir='ltr'>vuit.</span> <span class='ocrx_word' id='word_1_88' title='bbox 1097 1224 1166 1274; x_wconf 80' lang='lat' dir='ltr'>Nam</span> 
     </span>
     <span class='ocr_line' id='line_1_10' title="bbox 112 1298 1165 1374; baseline 0 -21"><span class='ocrx_word' id='word_1_89' title='bbox 112 1303 202 1372; x_wconf 79' lang='lat' dir='ltr'>prima</span> <span class='ocrx_word' id='word_1_90' title='bbox 216 1303 308 1374; x_wconf 77' lang='lat' dir='ltr'>petitio</span> <span class='ocrx_word' id='word_1_91' title='bbox 323 1303 422 1352; x_wconf 86' lang='lat' dir='ltr'>Latinis</span> <span class='ocrx_word' id='word_1_92' title='bbox 438 1318 493 1351; x_wconf 89' lang='lat' dir='ltr'>non</span> <span class='ocrx_word' id='word_1_93' title='bbox 510 1298 585 1350; x_wconf 89' lang='lat' dir='ltr'>aliter</span> <span class='ocrx_word' id='word_1_94' title='bbox 601 1299 706 1367; x_wconf 87' lang='lat' dir='ltr'>dicitur,</span> <span class='ocrx_word' id='word_1_95' title='bbox 724 1317 802 1370; x_wconf 77' lang='lat' dir='ltr'>quam</span> <span class='ocrx_word' id='word_1_96' title='bbox 821 1298 873 1351; x_wconf 89' lang='lat' dir='ltr'>hoc</span> <span class='ocrx_word' id='word_1_97' title='bbox 891 1319 986 1366; x_wconf 89' lang='lat' dir='ltr'>sensu,</span> <span class='ocrx_word' id='word_1_98' title='bbox 1004 1315 1034 1352; x_wconf 91' lang='lat' dir='ltr'>ut</span> <span class='ocrx_word' id='word_1_99' title='bbox 1049 1303 1165 1373; x_wconf 86' lang='lat' dir='ltr'>primum</span> 
     </span>
     <span class='ocr_line' id='line_1_11' title="bbox 115 1378 1164 1452; baseline 0.002 -22"><span class='ocrx_word' id='word_1_100' title='bbox 115 1383 175 1451; x_wconf 91' lang='lat' dir='ltr'>quis</span> <span class='ocrx_word' id='word_1_101' title='bbox 189 1382 304 1451; x_wconf 82' lang='lat' dir='ltr'>aliquem</span> <span class='ocrx_word' id='word_1_102' title='bbox 321 1383 500 1452; x_wconf 69' lang='lat' dir='ltr'>magistratum</span> <span class='ocrx_word' id='word_1_103' title='bbox 515 1391 604 1450; x_wconf 87' lang='lat' dir='ltr'>petat,</span> <span class='ocrx_word' id='word_1_104' title='bbox 619 1379 732 1431; x_wconf 85' lang='lat' dir='ltr'>ambiat:</span> <span class='ocrx_word' id='word_1_105' title='bbox 750 1379 856 1451; x_wconf 89' lang='lat' dir='ltr'>dicique</span> <span class='ocrx_word' id='word_1_106' title='bbox 872 1378 905 1431; x_wconf 89' lang='lat' dir='ltr'>de</span> <span class='ocrx_word' id='word_1_107' title='bbox 923 1379 1045 1431; x_wconf 89' lang='lat' dir='ltr'>omuibus</span> <span class='ocrx_word' id='word_1_108' title='bbox 1060 1393 1164 1451; x_wconf 89' lang='lat' dir='ltr'>potest,</span> 
     </span>
     <span class='ocr_line' id='line_1_12' title="bbox 115 1461 1166 1533; baseline 0.001 -21"><span class='ocrx_word' id='word_1_109' title='bbox 115 1463 161 1531; x_wconf 91' lang='lat' dir='ltr'>qui</span> <span class='ocrx_word' id='word_1_110' title='bbox 179 1463 267 1533; x_wconf 91' lang='lat' dir='ltr'>primo</span> <span class='ocrx_word' id='word_1_111' title='bbox 287 1475 383 1513; x_wconf 89' lang='lat' dir='ltr'>conatu</span> <span class='ocrx_word' id='word_1_112' title='bbox 403 1462 585 1530; x_wconf 77' lang='lat' dir='ltr'>magistratum</span> <span class='ocrx_word' id='word_1_113' title='bbox 605 1477 791 1531; x_wconf 82' lang='lat' dir='ltr'>quemcunque</span> <span class='ocrx_word' id='word_1_114' title='bbox 810 1461 933 1530; x_wconf 86' lang='lat' dir='ltr'>capiunt,</span> <span class='ocrx_word' id='word_1_115' title='bbox 950 1471 976 1512; x_wconf 85' lang='lat' dir='ltr'>et</span> <span class='ocrx_word' id='word_1_116' title='bbox 989 1463 1044 1513; x_wconf 84' lang='lat' dir='ltr'>sine</span> <span class='ocrx_word' id='word_1_117' title='bbox 1058 1461 1166 1532; x_wconf 85' lang='lat' dir='ltr'>repulsa</span> 
     </span>
    </p>
   </div>
   <div class='ocr_carea' id='block_1_3' title="bbox 28 1538 1165 1612">
    <p class='ocr_par' dir='ltr' id='par_1_3' title="bbox 28 1538 1165 1612">
     <span class='ocr_line' id='line_1_13' title="bbox 28 1538 1165 1612; baseline -0.001 -19"><span class='ocrx_word' id='word_1_118' title='bbox 28 1544 31 1551; x_wconf 86' lang='lat'>&#39;</span> <span class='ocrx_word' id='word_1_119' title='bbox 114 1555 252 1593; x_wconf 79' lang='lat' dir='ltr'>creantur.</span> <span class='ocrx_word' id='word_1_120' title='bbox 265 1542 333 1610; x_wconf 59' lang='lat' dir='ltr'>Erigo</span> <span class='ocrx_word' id='word_1_121' title='bbox 348 1539 438 1610; x_wconf 86' lang='lat' dir='ltr'>prima</span> <span class='ocrx_word' id='word_1_122' title='bbox 454 1540 545 1610; x_wconf 86' lang='lat' dir='ltr'>petitio</span> <span class='ocrx_word' id='word_1_123' title='bbox 560 1538 586 1590; x_wconf 91' lang='lat' dir='ltr'>h.</span> <span class='ocrx_word' id='word_1_124' title='bbox 600 1539 618 1590; x_wconf 89' lang='grc' dir='ltr'>Ι.</span> <span class='ocrx_word' id='word_1_125' title='bbox 635 1557 690 1590; x_wconf 92' lang='lat' dir='ltr'>non</span> <span class='ocrx_word' id='word_1_126' title='bbox 703 1538 900 1606; x_wconf 66' lang='lat' dir='ltr'>essentitatis,</span> <span class='ocrx_word' id='word_1_127' title='bbox 915 1557 993 1612; x_wconf 83' lang='lat' dir='ltr'>quem</span> <span class='ocrx_word' id='word_1_128' title='bbox 1011 1560 1065 1594; x_wconf 91' lang='lat' dir='ltr'>non</span> <span class='ocrx_word' id='word_1_129' title='bbox 1080 1542 1165 1612; x_wconf 87' lang='lat' dir='ltr'>prima</span> 
     </span>
    </p>
   </div>
   <div class='ocr_carea' id='block_1_4' title="bbox 95 1619 1166 3530">
    <p class='ocr_par' dir='ltr' id='par_1_4' title="bbox 95 1619 1166 3530">
     <span class='ocr_line' id='line_1_14' title="bbox 113 1619 1166 1692; baseline -0.001 -18"><span class='ocrx_word' id='word_1_130' title='bbox 113 1623 244 1692; x_wconf 88' lang='lat' dir='ltr'>petitione</span> <span class='ocrx_word' id='word_1_131' title='bbox 255 1635 415 1674; x_wconf 84' lang='lat' dir='ltr'>consecutus</span> <span class='ocrx_word' id='word_1_132' title='bbox 426 1619 533 1687; x_wconf 67' lang='lat' dir='ltr'>es17sed</span> <span class='ocrx_word' id='word_1_133' title='bbox 545 1634 605 1690; x_wconf 88' lang='lat' dir='ltr'>post</span> <span class='ocrx_word' id='word_1_134' title='bbox 614 1619 762 1690; x_wconf 84' lang='lat' dir='ltr'>repulsam,</span> <span class='ocrx_word' id='word_1_135' title='bbox 771 1637 862 1671; x_wconf 85' lang='lat' dir='ltr'>verum</span> <span class='ocrx_word' id='word_1_136' title='bbox 873 1632 1000 1690; x_wconf 80' lang='lat' dir='ltr'>proeturae.</span> <span class='ocrx_word' id='word_1_137' title='bbox 1008 1621 1079 1672; x_wconf 82' lang='lat' dir='ltr'>Dicit</span> <span class='ocrx_word' id='word_1_138' title='bbox 1088 1639 1166 1691; x_wconf 69' lang='lat' dir='ltr'>ergo,</span> 
     </span>
     <span class='ocr_line' id='line_1_15' title="bbox 95 1699 1166 1773; baseline 0.002 -21"><span class='ocrx_word' id='word_1_139' title='bbox 95 1703 100 1712; x_wconf 88' lang='grc'><strong>’</strong></span> <span class='ocrx_word' id='word_1_140' title='bbox 114 1719 170 1752; x_wconf 90' lang='lat' dir='ltr'>non</span> <span class='ocrx_word' id='word_1_141' title='bbox 182 1701 263 1753; x_wconf 90' lang='lat' dir='ltr'>rnodo</span> <span class='ocrx_word' id='word_1_142' title='bbox 276 1703 332 1752; x_wconf 86' lang='lat' dir='ltr'>sine</span> <span class='ocrx_word' id='word_1_143' title='bbox 345 1699 467 1771; x_wconf 86' lang='lat' dir='ltr'>repulsa,</span> <span class='ocrx_word' id='word_1_144' title='bbox 481 1699 527 1754; x_wconf 87' lang='lat' dir='ltr'>sed</span> <span class='ocrx_word' id='word_1_145' title='bbox 540 1701 618 1752; x_wconf 87' lang='lat' dir='ltr'>etiam</span> <span class='ocrx_word' id='word_1_146' title='bbox 630 1703 669 1756; x_wconf 73' lang='lat' dir='ltr'>ita,</span> <span class='ocrx_word' id='word_1_147' title='bbox 682 1701 782 1754; x_wconf 83' lang='lat' dir='ltr'>factum</span> <span class='ocrx_word' id='word_1_148' title='bbox 795 1718 851 1752; x_wconf 71' lang='lat' dir='ltr'>esse</span> <span class='ocrx_word' id='word_1_149' title='bbox 862 1702 1020 1768; x_wconf 79' lang='lat' dir='ltr'>Praetorem,</span> <span class='ocrx_word' id='word_1_150' title='bbox 1034 1715 1064 1755; x_wconf 84' lang='lat' dir='ltr'>ut</span> <span class='ocrx_word' id='word_1_151' title='bbox 1076 1703 1166 1773; x_wconf 82' lang='lat' dir='ltr'>priua,</span> 
     </span>
     <span class='ocr_line' id='line_1_16' title="bbox 115 1779 1165 1851; baseline 0.001 -21"><span class='ocrx_word' id='word_1_152' title='bbox 115 1797 196 1848; x_wconf 84' lang='lat' dir='ltr'>quarn</span> <span class='ocrx_word' id='word_1_153' title='bbox 216 1779 337 1851; x_wconf 84' lang='lat' dir='ltr'>plerique</span> <span class='ocrx_word' id='word_1_154' title='bbox 356 1793 526 1844; x_wconf 73' lang='lat' dir='ltr'>ceterorum,</span> <span class='ocrx_word' id='word_1_155' title='bbox 545 1793 647 1832; x_wconf 86' lang='lat' dir='ltr'>creatus</span> <span class='ocrx_word' id='word_1_156' title='bbox 666 1782 708 1832; x_wconf 88' lang='lat' dir='ltr'>sit.</span> <span class='ocrx_word' id='word_1_157' title='bbox 725 1781 772 1832; x_wconf 83' lang='lat' dir='ltr'>Est</span> <span class='ocrx_word' id='word_1_158' title='bbox 793 1797 855 1848; x_wconf 73' lang='lat' dir='ltr'>erqo</span> <span class='ocrx_word' id='word_1_159' title='bbox 874 1781 1013 1831; x_wconf 82' lang='lat' dir='ltr'>manifesta</span> <span class='ocrx_word' id='word_1_160' title='bbox 1031 1782 1165 1851; x_wconf 79' lang='lat' dir='ltr'>oppositio</span> 
     </span>
     <span class='ocr_line' id='line_1_17' title="bbox 114 1856 1165 1930; baseline 0.002 -22"><span class='ocrx_word' id='word_1_161' title='bbox 114 1856 248 1922; x_wconf 72' lang='lat' dir='ltr'>aedilitatis</span> <span class='ocrx_word' id='word_1_162' title='bbox 260 1871 286 1911; x_wconf 88' lang='lat' dir='ltr'>et</span> <span class='ocrx_word' id='word_1_163' title='bbox 300 1873 436 1929; x_wconf 79' lang='lat' dir='ltr'>praeturae,</span> <span class='ocrx_word' id='word_1_164' title='bbox 449 1872 475 1910; x_wconf 92' lang='lat' dir='ltr'>et</span> <span class='ocrx_word' id='word_1_165' title='bbox 489 1858 595 1928; x_wconf 89' lang='lat' dir='ltr'>quidem</span> <span class='ocrx_word' id='word_1_166' title='bbox 609 1858 712 1911; x_wconf 80' lang='lat' dir='ltr'>duabus</span> <span class='ocrx_word' id='word_1_167' title='bbox 726 1857 819 1910; x_wconf 87' lang='lat' dir='ltr'>rebus:</span> <span class='ocrx_word' id='word_1_168' title='bbox 838 1858 930 1910; x_wconf 83' lang='lat' dir='ltr'>AEdilis</span> <span class='ocrx_word' id='word_1_169' title='bbox 942 1873 1003 1930; x_wconf 90' lang='lat' dir='ltr'>post</span> <span class='ocrx_word' id='word_1_170' title='bbox 1015 1859 1165 1929; x_wconf 81' lang='lat' dir='ltr'>repulsam,</span> 
     </span>
     <span class='ocr_line' id='line_1_18' title="bbox 113 1938 1165 2010; baseline 0.002 -21"><span class='ocrx_word' id='word_1_171' title='bbox 113 1938 208 1990; x_wconf 87' lang='lat' dir='ltr'>ultimo</span> <span class='ocrx_word' id='word_1_172' title='bbox 221 1938 296 2001; x_wconf 85' lang='lat' dir='ltr'>loco;</span> <span class='ocrx_word' id='word_1_173' title='bbox 312 1943 406 1991; x_wconf 77' lang='lat' dir='ltr'>Praetor</span> <span class='ocrx_word' id='word_1_174' title='bbox 415 1939 470 1989; x_wconf 88' lang='lat' dir='ltr'>sine</span> <span class='ocrx_word' id='word_1_175' title='bbox 481 1939 602 2008; x_wconf 84' lang='lat' dir='ltr'>repulsa,</span> <span class='ocrx_word' id='word_1_176' title='bbox 615 1942 696 2010; x_wconf 81' lang='lat' dir='ltr'>priori</span> <span class='ocrx_word' id='word_1_177' title='bbox 709 1939 769 1990; x_wconf 83' lang='lat' dir='ltr'>ioco</span> <span class='ocrx_word' id='word_1_178' title='bbox 785 1952 888 1990; x_wconf 85' lang='lat' dir='ltr'>creatus</span> <span class='ocrx_word' id='word_1_179' title='bbox 898 1953 946 1991; x_wconf 89' lang='lat' dir='ltr'>cst.</span> <span class='ocrx_word' id='word_1_180' title='bbox 961 1941 1030 2009; x_wconf 73' lang='lat' dir='ltr'>Erqo</span> <span class='ocrx_word' id='word_1_181' title='bbox 1045 1957 1165 1990; x_wconf 84' lang='lat' dir='ltr'>necessa-</span> 
     </span>
     <span class='ocr_line' id='line_1_19' title="bbox 114 2017 1164 2090; baseline 0.002 -20"><span class='ocrx_word' id='word_1_182' title='bbox 114 2021 182 2070; x_wconf 91' lang='lat' dir='ltr'>rium</span> <span class='ocrx_word' id='word_1_183' title='bbox 193 2033 247 2084; x_wconf 89' lang='lat' dir='ltr'>est,</span> <span class='ocrx_word' id='word_1_184' title='bbox 258 2017 309 2089; x_wconf 73' lang='lat' dir='ltr'>legi</span> <span class='ocrx_word' id='word_1_185' title='bbox 321 2018 408 2084; x_wconf 79' lang='lat' dir='ltr'>illam,</span> <span class='ocrx_word' id='word_1_186' title='bbox 419 2031 444 2069; x_wconf 91' lang='lat' dir='ltr'>et</span> <span class='ocrx_word' id='word_1_187' title='bbox 454 2029 489 2070; x_wconf 89' lang='lat' dir='ltr'>at.</span> <span class='ocrx_word' id='word_1_188' title='bbox 499 2020 558 2069; x_wconf 82' lang='lat' dir='ltr'>dam</span> <span class='ocrx_word' id='word_1_189' title='bbox 569 2017 699 2072; x_wconf 86' lang='lat' dir='ltr'>debuerat</span> <span class='ocrx_word' id='word_1_190' title='bbox 711 2019 853 2071; x_wconf 81' lang='lat' dir='ltr'>Suetonius</span> <span class='ocrx_word' id='word_1_191' title='bbox 864 2018 964 2071; x_wconf 88' lang='lat' dir='ltr'>dicere:</span> <span class='ocrx_word' id='word_1_192' title='bbox 976 2029 1005 2070; x_wconf 82' lang='lat' dir='ltr'>at</span> <span class='ocrx_word' id='word_1_193' title='bbox 1013 2019 1101 2090; x_wconf 81' lang='lat' dir='ltr'>prima</span> <span class='ocrx_word' id='word_1_194' title='bbox 1112 2031 1164 2072; x_wconf 83' lang='lat' dir='ltr'>sta-</span> 
     </span>
     <span class='ocr_line' id='line_1_20' title="bbox 113 2095 1165 2168; baseline -0.003 -19"><span class='ocrx_word' id='word_1_195' title='bbox 113 2098 161 2149; x_wconf 82' lang='lat' dir='ltr'>tim</span> <span class='ocrx_word' id='word_1_196' title='bbox 174 2098 317 2168; x_wconf 84' lang='lat' dir='ltr'>petitione,</span> <span class='ocrx_word' id='word_1_197' title='bbox 335 2107 361 2147; x_wconf 85' lang='lat' dir='ltr'>et</span> <span class='ocrx_word' id='word_1_198' title='bbox 376 2097 402 2146; x_wconf 87' lang='lat' dir='ltr'>in</span> <span class='ocrx_word' id='word_1_199' title='bbox 413 2097 504 2167; x_wconf 77' lang='lat' dir='ltr'>primis</span> <span class='ocrx_word' id='word_1_200' title='bbox 518 2109 676 2167; x_wconf 66' lang='lat' dir='ltr'>praeturam</span> <span class='ocrx_word' id='word_1_201' title='bbox 693 2097 761 2162; x_wconf 81' lang='lat' dir='ltr'>sive,</span> <span class='ocrx_word' id='word_1_202' title='bbox 778 2098 800 2150; x_wconf 85' lang='lat' dir='ltr'>si</span> <span class='ocrx_word' id='word_1_203' title='bbox 813 2095 927 2147; x_wconf 85' lang='lat' dir='ltr'>malebat</span> <span class='ocrx_word' id='word_1_204' title='bbox 939 2099 1165 2148; x_wconf 86' lang='lat' dir='ltr'>constructionem</span> 
     </span>
     <span class='ocr_line' id='line_1_21' title="bbox 113 2174 1164 2246; baseline 0.002 -20"><span class='ocrx_word' id='word_1_205' title='bbox 113 2190 234 2228; x_wconf 86' lang='lat' dir='ltr'>mutare:</span> <span class='ocrx_word' id='word_1_206' title='bbox 249 2175 458 2246; x_wconf 76' lang='lat' dir='ltr'>Pretorfactns,</span> <span class='ocrx_word' id='word_1_207' title='bbox 470 2174 527 2241; x_wconf 85' lang='lat' dir='ltr'>vel,</span> <span class='ocrx_word' id='word_1_208' title='bbox 541 2188 639 2228; x_wconf 83' lang='lat' dir='ltr'>creatus</span> <span class='ocrx_word' id='word_1_209' title='bbox 649 2186 701 2226; x_wconf 84' lang='lat' dir='ltr'>est:</span> <span class='ocrx_word' id='word_1_210' title='bbox 717 2193 793 2227; x_wconf 84' lang='lat' dir='ltr'>orsus</span> <span class='ocrx_word' id='word_1_211' title='bbox 804 2175 899 2228; x_wconf 84' lang='lat' dir='ltr'>deinde</span> <span class='ocrx_word' id='word_1_212' title='bbox 911 2190 978 2228; x_wconf 89' lang='lat' dir='ltr'>esset</span> <span class='ocrx_word' id='word_1_213' title='bbox 988 2193 1087 2229; x_wconf 84' lang='lat' dir='ltr'>novam</span> <span class='ocrx_word' id='word_1_214' title='bbox 1101 2193 1164 2228; x_wconf 88' lang='lat' dir='ltr'>sen·</span> 
     </span>
     <span class='ocr_line' id='line_1_22' title="bbox 113 2253 1165 2327; baseline 0 -20"><span class='ocrx_word' id='word_1_215' title='bbox 113 2258 240 2308; x_wconf 84' lang='lat' dir='ltr'>tentiam:</span> <span class='ocrx_word' id='word_1_216' title='bbox 256 2256 377 2327; x_wconf 72' lang='lat' dir='ltr'>infensus</span> <span class='ocrx_word' id='word_1_217' title='bbox 389 2255 512 2318; x_wconf 84' lang='lat' dir='ltr'>Senatui,</span> <span class='ocrx_word' id='word_1_218' title='bbox 529 2268 579 2307; x_wconf 89' lang='lat' dir='ltr'>etc.</span> <span class='ocrx_word' id='word_1_219' title='bbox 597 2253 644 2308; x_wconf 83' lang='lat' dir='ltr'>sed</span> <span class='ocrx_word' id='word_1_220' title='bbox 660 2255 754 2306; x_wconf 89' lang='lat' dir='ltr'>maluit</span> <span class='ocrx_word' id='word_1_221' title='bbox 770 2256 838 2306; x_wconf 86' lang='lat' dir='ltr'>hanc</span> <span class='ocrx_word' id='word_1_222' title='bbox 853 2266 955 2326; x_wconf 87' lang='lat' dir='ltr'>partem</span> <span class='ocrx_word' id='word_1_223' title='bbox 971 2273 1030 2306; x_wconf 87' lang='lat' dir='ltr'>cum</span> <span class='ocrx_word' id='word_1_224' title='bbox 1045 2257 1165 2326; x_wconf 86' lang='lat' dir='ltr'>sequenti</span> 
     </span>
     <span class='ocr_line' id='line_1_23' title="bbox 113 2332 1165 2406; baseline -0.004 -18"><span class='ocrx_word' id='word_1_225' title='bbox 113 2337 246 2388; x_wconf 84' lang='lat' dir='ltr'>sententia</span> <span class='ocrx_word' id='word_1_226' title='bbox 260 2336 436 2405; x_wconf 78' lang='lat' dir='ltr'>conjungere,</span> <span class='ocrx_word' id='word_1_227' title='bbox 448 2333 535 2391; x_wconf 81' lang='lat' dir='ltr'>studio</span> <span class='ocrx_word' id='word_1_228' title='bbox 550 2332 618 2386; x_wconf 86' lang='lat' dir='ltr'>illius</span> <span class='ocrx_word' id='word_1_229' title='bbox 632 2353 680 2405; x_wconf 88' lang='lat' dir='ltr'>per</span> <span class='ocrx_word' id='word_1_230' title='bbox 690 2335 830 2406; x_wconf 85' lang='lat' dir='ltr'>participia</span> <span class='ocrx_word' id='word_1_231' title='bbox 841 2347 868 2386; x_wconf 89' lang='lat' dir='ltr'>et</span> <span class='ocrx_word' id='word_1_232' title='bbox 880 2332 1015 2388; x_wconf 81' lang='lat' dir='ltr'>absolutos</span> <span class='ocrx_word' id='word_1_233' title='bbox 1027 2335 1165 2386; x_wconf 85' lang='lat' dir='ltr'>nominati·</span> 
     </span>
     <span class='ocr_line' id='line_1_24' title="bbox 112 2412 1164 2484; baseline 0 -20"><span class='ocrx_word' id='word_1_234' title='bbox 112 2434 161 2469; x_wconf 80' lang='lat' dir='ltr'>ros</span> <span class='ocrx_word' id='word_1_235' title='bbox 181 2416 401 2480; x_wconf 77' lang='lat' dir='ltr'>constructionis,</span> <span class='ocrx_word' id='word_1_236' title='bbox 420 2427 446 2464; x_wconf 89' lang='lat' dir='ltr'>et</span> <span class='ocrx_word' id='word_1_237' title='bbox 463 2431 497 2466; x_wconf 89' lang='lat' dir='ltr'>ne</span> <span class='ocrx_word' id='word_1_238' title='bbox 515 2412 556 2466; x_wconf 89' lang='lat' dir='ltr'>bis</span> <span class='ocrx_word' id='word_1_239' title='bbox 576 2427 694 2484; x_wconf 74' lang='lat' dir='ltr'>praeturae</span> <span class='ocrx_word' id='word_1_240' title='bbox 707 2417 808 2468; x_wconf 88' lang='lat' dir='ltr'>mentio</span> <span class='ocrx_word' id='word_1_241' title='bbox 824 2413 945 2465; x_wconf 81' lang='lat' dir='ltr'>facienda</span> <span class='ocrx_word' id='word_1_242' title='bbox 964 2425 1041 2466; x_wconf 87' lang='lat' dir='ltr'>esset.</span> <span class='ocrx_word' id='word_1_243' title='bbox 1060 2413 1164 2464; x_wconf 86' lang='lat' dir='ltr'>Etenim</span> 
     </span>
     <span class='ocr_line' id='line_1_25' title="bbox 113 2489 1162 2564; baseline -0.004 -18"><span class='ocrx_word' id='word_1_244' title='bbox 113 2494 193 2546; x_wconf 90' lang='lat' dir='ltr'>ludos</span> <span class='ocrx_word' id='word_1_245' title='bbox 207 2495 326 2547; x_wconf 77' lang='lat' dir='ltr'>Victoriae</span> <span class='ocrx_word' id='word_1_246' title='bbox 338 2492 516 2564; x_wconf 83' lang='lat' dir='ltr'>depoposcit,</span> <span class='ocrx_word' id='word_1_247' title='bbox 525 2511 607 2564; x_wconf 84' lang='lat' dir='ltr'>quum</span> <span class='ocrx_word' id='word_1_248' title='bbox 620 2495 717 2544; x_wconf 76' lang='lat' dir='ltr'>Pretor</span> <span class='ocrx_word' id='word_1_249' title='bbox 729 2506 805 2545; x_wconf 86' lang='lat' dir='ltr'>esset.</span> <span class='ocrx_word' id='word_1_250' title='bbox 818 2493 887 2563; x_wconf 74' lang='lat' dir='ltr'>Ergo</span> <span class='ocrx_word' id='word_1_251' title='bbox 899 2493 1028 2544; x_wconf 84' lang='lat' dir='ltr'>sententis</span> <span class='ocrx_word' id='word_1_252' title='bbox 1039 2489 1096 2542; x_wconf 81' lang='lat' dir='ltr'>haeo</span> <span class='ocrx_word' id='word_1_253' title='bbox 1109 2503 1162 2542; x_wconf 72' lang='lat' dir='ltr'>ests</span> 
     </span>
     <span class='ocr_line' id='line_1_26' title="bbox 112 2572 1165 2644; baseline -0.004 -18"><span class='ocrx_word' id='word_1_254' title='bbox 112 2589 141 2626; x_wconf 92' lang='lat' dir='ltr'>at</span> <span class='ocrx_word' id='word_1_255' title='bbox 159 2577 258 2626; x_wconf 75' lang='lat' dir='ltr'>Praetor</span> <span class='ocrx_word' id='word_1_256' title='bbox 272 2577 361 2626; x_wconf 87' lang='lat' dir='ltr'>statim</span> <span class='ocrx_word' id='word_1_257' title='bbox 378 2574 481 2638; x_wconf 81' lang='lat' dir='ltr'>factus,</span> <span class='ocrx_word' id='word_1_258' title='bbox 501 2592 581 2644; x_wconf 87' lang='lat' dir='ltr'>quum</span> <span class='ocrx_word' id='word_1_259' title='bbox 601 2574 719 2626; x_wconf 86' lang='lat' dir='ltr'>infensus</span> <span class='ocrx_word' id='word_1_260' title='bbox 734 2587 803 2626; x_wconf 85' lang='lat' dir='ltr'>esset</span> <span class='ocrx_word' id='word_1_261' title='bbox 816 2572 940 2638; x_wconf 85' lang='lat' dir='ltr'>Senatui,</span> <span class='ocrx_word' id='word_1_262' title='bbox 954 2572 1038 2626; x_wconf 78' lang='lat' dir='ltr'>votuit</span> <span class='ocrx_word' id='word_1_263' title='bbox 1055 2572 1078 2622; x_wconf 89' lang='lat' dir='ltr'>oi</span> <span class='ocrx_word' id='word_1_264' title='bbox 1096 2589 1165 2641; x_wconf 79' lang='lat' dir='ltr'>aegre</span> 
     </span>
     <span class='ocr_line' id='line_1_27' title="bbox 110 2652 1163 2725; baseline -0.006 -16"><span class='ocrx_word' id='word_1_265' title='bbox 110 2659 220 2718; x_wconf 83' lang='lat' dir='ltr'>facere,</span> <span class='ocrx_word' id='word_1_266' title='bbox 235 2655 291 2706; x_wconf 87' lang='lat' dir='ltr'>Caii</span> <span class='ocrx_word' id='word_1_267' title='bbox 303 2656 413 2725; x_wconf 73' lang='lat' dir='ltr'>gratiam</span> <span class='ocrx_word' id='word_1_268' title='bbox 427 2653 577 2725; x_wconf 70' lang='lat' dir='ltr'>captando,</span> <span class='ocrx_word' id='word_1_269' title='bbox 590 2667 615 2708; x_wconf 88' lang='lat' dir='ltr'>et</span> <span class='ocrx_word' id='word_1_270' title='bbox 629 2652 789 2724; x_wconf 87' lang='lat' dir='ltr'>depoposcit</span> <span class='ocrx_word' id='word_1_271' title='bbox 802 2653 879 2706; x_wconf 89' lang='lat' dir='ltr'>ludos</span> <span class='ocrx_word' id='word_1_272' title='bbox 893 2653 1030 2718; x_wconf 71' lang='lat' dir='ltr'>Victoriae,</span> <span class='ocrx_word' id='word_1_273' title='bbox 1046 2665 1094 2704; x_wconf 89' lang='lat' dir='ltr'>etc.</span> <span class='ocrx_word' id='word_1_274' title='bbox 1108 2653 1163 2703; x_wconf 88' lang='lat' dir='ltr'>Cu-</span> 
     </span>
     <span class='ocr_line' id='line_1_28' title="bbox 111 2733 1164 2806; baseline -0.006 -18"><span class='ocrx_word' id='word_1_275' title='bbox 111 2735 276 2788; x_wconf 82' lang='lat' dir='ltr'>mulatorum</span> <span class='ocrx_word' id='word_1_276' title='bbox 289 2735 379 2786; x_wconf 85' lang='lat' dir='ltr'>talium</span> <span class='ocrx_word' id='word_1_277' title='bbox 392 2736 631 2802; x_wconf 81' lang='lat' dir='ltr'>nominativorum,</span> <span class='ocrx_word' id='word_1_278' title='bbox 644 2734 758 2806; x_wconf 80' lang='lat' dir='ltr'>telisque</span> <span class='ocrx_word' id='word_1_279' title='bbox 771 2733 838 2788; x_wconf 90' lang='lat' dir='ltr'>adeo</span> <span class='ocrx_word' id='word_1_280' title='bbox 850 2733 1068 2796; x_wconf 79' lang='lat' dir='ltr'>constructionis,</span> <span class='ocrx_word' id='word_1_281' title='bbox 1084 2750 1098 2782; x_wconf 88' lang='lat' dir='ltr'>a</span> <span class='ocrx_word' id='word_1_282' title='bbox 1111 2747 1164 2801; x_wconf 83' lang='lat' dir='ltr'>que</span> 
     </span>
     <span class='ocr_line' id='line_1_29' title="bbox 110 2809 1164 2884; baseline -0.008 -16"><span class='ocrx_word' id='word_1_283' title='bbox 110 2817 208 2869; x_wconf 85' lang='lat' dir='ltr'>melius</span> <span class='ocrx_word' id='word_1_284' title='bbox 227 2815 415 2881; x_wconf 80' lang='lat' dir='ltr'>abstinuisset,</span> <span class='ocrx_word' id='word_1_285' title='bbox 433 2817 530 2884; x_wconf 82' lang='lat' dir='ltr'>passim</span> <span class='ocrx_word' id='word_1_286' title='bbox 552 2813 624 2884; x_wconf 83' lang='lat' dir='ltr'>apud</span> <span class='ocrx_word' id='word_1_287' title='bbox 643 2815 800 2869; x_wconf 86' lang='lat' dir='ltr'>Suetonium</span> <span class='ocrx_word' id='word_1_288' title='bbox 817 2811 935 2884; x_wconf 77' lang='lat' dir='ltr'>exempla</span> <span class='ocrx_word' id='word_1_289' title='bbox 954 2813 1063 2883; x_wconf 77' lang='lat' dir='ltr'>diiiqens</span> <span class='ocrx_word' id='word_1_290' title='bbox 1081 2809 1164 2862; x_wconf 87' lang='lat' dir='ltr'>lector</span> 
     </span>
     <span class='ocr_line' id='line_1_30' title="bbox 111 2891 1163 2965; baseline -0.009 -15"><span class='ocrx_word' id='word_1_291' title='bbox 111 2896 314 2950; x_wconf 76' lang='lat' dir='ltr'>animadvertet.</span> <span class='ocrx_word' id='word_1_292' title='bbox 325 2895 447 2948; x_wconf 81' lang='lat' dir='ltr'>Dukerus</span> <span class='ocrx_word' id='word_1_293' title='bbox 457 2894 544 2950; x_wconf 83' lang='lat' dir='ltr'>iocum</span> <span class='ocrx_word' id='word_1_294' title='bbox 556 2892 641 2961; x_wconf 78' lang='lat' dir='ltr'>hunc,</span> <span class='ocrx_word' id='word_1_295' title='bbox 655 2913 734 2965; x_wconf 87' lang='lat' dir='ltr'>quern</span> <span class='ocrx_word' id='word_1_296' title='bbox 744 2908 897 2965; x_wconf 88' lang='lat' dir='ltr'>corruptum</span> <span class='ocrx_word' id='word_1_297' title='bbox 909 2894 1041 2964; x_wconf 74' lang='lat' dir='ltr'>agnoscit,</span> <span class='ocrx_word' id='word_1_298' title='bbox 1053 2891 1091 2944; x_wconf 69' lang='lat' dir='ltr'>sio</span> <span class='ocrx_word' id='word_1_299' title='bbox 1100 2908 1163 2941; x_wconf 89' lang='lat' dir='ltr'>con-</span> 
     </span>
     <span class='ocr_line' id='line_1_31' title="bbox 111 2971 1162 3045; baseline -0.01 -15"><span class='ocrx_word' id='word_1_300' title='bbox 111 2978 187 3030; x_wconf 84' lang='lat' dir='ltr'>stitui</span> <span class='ocrx_word' id='word_1_301' title='bbox 199 2976 271 3028; x_wconf 81' lang='lat' dir='ltr'>vult:</span> <span class='ocrx_word' id='word_1_302' title='bbox 288 2975 462 3041; x_wconf 73' lang='lat' dir='ltr'>uAEdiiitetis,</span> <span class='ocrx_word' id='word_1_303' title='bbox 477 2991 508 3028; x_wconf 88' lang='lat' dir='ltr'>ac</span> <span class='ocrx_word' id='word_1_304' title='bbox 523 2991 582 3026; x_wconf 87' lang='lat' dir='ltr'>mox</span> <span class='ocrx_word' id='word_1_305' title='bbox 594 2987 709 3045; x_wconf 69' lang='lat' dir='ltr'>praeturas</span> <span class='ocrx_word' id='word_1_306' title='bbox 722 2972 895 3039; x_wconf 85' lang='lat' dir='ltr'>candidatus,</span> <span class='ocrx_word' id='word_1_307' title='bbox 905 2971 976 3023; x_wconf 85' lang='lat' dir='ltr'>illam</span> <span class='ocrx_word' id='word_1_308' title='bbox 990 2989 1045 3022; x_wconf 89' lang='lat' dir='ltr'>non</span> <span class='ocrx_word' id='word_1_309' title='bbox 1057 2973 1113 3020; x_wconf 85' lang='lat' dir='ltr'>sine</span> <span class='ocrx_word' id='word_1_310' title='bbox 1123 2986 1162 3020; x_wconf 87' lang='lat' dir='ltr'>re·</span> 
     </span>
     <span class='ocr_line' id='line_1_32' title="bbox 111 3050 1164 3128; baseline -0.011 -20"><span class='ocrx_word' id='word_1_311' title='bbox 111 3057 206 3128; x_wconf 78' lang='lat' dir='ltr'>pulsa,</span> <span class='ocrx_word' id='word_1_312' title='bbox 223 3068 351 3126; x_wconf 80' lang='lat' dir='ltr'>sextoque</span> <span class='ocrx_word' id='word_1_313' title='bbox 367 3056 443 3122; x_wconf 88' lang='lat' dir='ltr'>loco,</span> <span class='ocrx_word' id='word_1_314' title='bbox 457 3056 498 3106; x_wconf 82' lang='lat' dir='ltr'>rix</span> <span class='ocrx_word' id='word_1_315' title='bbox 512 3053 624 3125; x_wconf 87' lang='lat' dir='ltr'>adeptus</span> <span class='ocrx_word' id='word_1_316' title='bbox 641 3068 694 3106; x_wconf 88' lang='lat' dir='ltr'>est:</span> <span class='ocrx_word' id='word_1_317' title='bbox 712 3054 781 3106; x_wconf 87' lang='lat' dir='ltr'>hanc</span> <span class='ocrx_word' id='word_1_318' title='bbox 796 3055 883 3123; x_wconf 88' lang='lat' dir='ltr'>prima</span> <span class='ocrx_word' id='word_1_319' title='bbox 899 3053 985 3102; x_wconf 83' lang='lat' dir='ltr'>statim</span> <span class='ocrx_word' id='word_1_320' title='bbox 997 3050 1125 3122; x_wconf 87' lang='lat' dir='ltr'>petitione</span> <span class='ocrx_word' id='word_1_321' title='bbox 1137 3059 1164 3100; x_wconf 89' lang='lat' dir='ltr'>et</span> 
     </span>
     <span class='ocr_line' id='line_1_33' title="bbox 111 3129 1161 3206; baseline -0.008 -18"><span class='ocrx_word' id='word_1_322' title='bbox 111 3139 140 3188; x_wconf 90' lang='lat' dir='ltr'>in</span> <span class='ocrx_word' id='word_1_323' title='bbox 156 3139 258 3206; x_wconf 87' lang='lat' dir='ltr'>primis.</span> <span class='ocrx_word' id='word_1_324' title='bbox 272 3140 378 3203; x_wconf 82' lang='lat' dir='ltr'>Praetor,</span> <span class='ocrx_word' id='word_1_325' title='bbox 393 3149 465 3188; x_wconf 74' lang='lat' dir='ltr'>etc·</span> <span class='ocrx_word' id='word_1_326' title='bbox 482 3132 703 3205; x_wconf 85' lang='lat' dir='ltr'>Oudendorpius:</span> <span class='ocrx_word' id='word_1_327' title='bbox 721 3131 815 3186; x_wconf 78' lang='lat' dir='ltr'>«illam</span> <span class='ocrx_word' id='word_1_328' title='bbox 829 3151 882 3184; x_wconf 91' lang='lat' dir='ltr'>non</span> <span class='ocrx_word' id='word_1_329' title='bbox 894 3133 949 3186; x_wconf 84' lang='lat' dir='ltr'>sine</span> <span class='ocrx_word' id='word_1_330' title='bbox 963 3129 1084 3201; x_wconf 82' lang='lat' dir='ltr'>repulse,</span> <span class='ocrx_word' id='word_1_331' title='bbox 1101 3146 1161 3182; x_wconf 83' lang='lat' dir='ltr'>sex-</span> 
     </span>
     <span class='ocr_line' id='line_1_34' title="bbox 112 3209 1160 3288; baseline -0.01 -20"><span class='ocrx_word' id='word_1_332' title='bbox 112 3230 196 3288; x_wconf 86' lang='lat' dir='ltr'>toque</span> <span class='ocrx_word' id='word_1_333' title='bbox 208 3218 248 3268; x_wconf 78' lang='lat' dir='ltr'>vix</span> <span class='ocrx_word' id='word_1_334' title='bbox 267 3216 379 3288; x_wconf 86' lang='lat' dir='ltr'>adeptus</span> <span class='ocrx_word' id='word_1_335' title='bbox 395 3230 434 3268; x_wconf 89' lang='lat' dir='ltr'>est</span> <span class='ocrx_word' id='word_1_336' title='bbox 449 3215 526 3266; x_wconf 83' lang='lat' dir='ltr'>loco:</span> <span class='ocrx_word' id='word_1_337' title='bbox 542 3213 611 3268; x_wconf 87' lang='lat' dir='ltr'>hanc</span> <span class='ocrx_word' id='word_1_338' title='bbox 625 3217 709 3286; x_wconf 86' lang='lat' dir='ltr'>prima</span> <span class='ocrx_word' id='word_1_339' title='bbox 725 3215 812 3266; x_wconf 87' lang='lat' dir='ltr'>statim</span> <span class='ocrx_word' id='word_1_340' title='bbox 828 3214 957 3284; x_wconf 85' lang='lat' dir='ltr'>petitione</span> <span class='ocrx_word' id='word_1_341' title='bbox 971 3225 997 3262; x_wconf 91' lang='lat' dir='ltr'>et</span> <span class='ocrx_word' id='word_1_342' title='bbox 1014 3211 1041 3262; x_wconf 90' lang='lat' dir='ltr'>in</span> <span class='ocrx_word' id='word_1_343' title='bbox 1059 3209 1160 3280; x_wconf 88' lang='lat' dir='ltr'>primis.</span> 
     </span>
     <span class='ocr_line' id='line_1_35' title="bbox 112 3289 1162 3366; baseline -0.01 -16"><span class='ocrx_word' id='word_1_344' title='bbox 112 3301 222 3362; x_wconf 72' lang='lat' dir='ltr'>Praetor,</span> <span class='ocrx_word' id='word_1_345' title='bbox 235 3312 285 3352; x_wconf 87' lang='lat' dir='ltr'>etc.</span> <span class='ocrx_word' id='word_1_346' title='bbox 297 3321 308 3344; x_wconf 75' lang='lat' dir='ltr'>n</span> <span class='ocrx_word' id='word_1_347' title='bbox 324 3289 387 3348; x_wconf 74' lang='lat' dir='ltr'>Eun.</span> <span class='ocrx_word' id='word_1_348' title='bbox 399 3299 461 3350; x_wconf 89' lang='lat' dir='ltr'>Non</span> <span class='ocrx_word' id='word_1_349' title='bbox 474 3297 571 3366; x_wconf 87' lang='lat' dir='ltr'>reperit</span> <span class='ocrx_word' id='word_1_350' title='bbox 583 3315 645 3366; x_wconf 79' lang='lat' dir='ltr'>ergo</span> <span class='ocrx_word' id='word_1_351' title='bbox 657 3296 704 3346; x_wconf 86' lang='lat' dir='ltr'>Vir</span> <span class='ocrx_word' id='word_1_352' title='bbox 715 3312 849 3354; x_wconf 78' lang='lat' dir='ltr'>summus,</span> <span class='ocrx_word' id='word_1_353' title='bbox 865 3291 937 3364; x_wconf 90' lang='lat' dir='ltr'>quod</span> <span class='ocrx_word' id='word_1_354' title='bbox 949 3292 1061 3342; x_wconf 80' lang='lat' dir='ltr'>maxime</span> <span class='ocrx_word' id='word_1_355' title='bbox 1071 3306 1162 3342; x_wconf 84' lang='lat' dir='ltr'>neces·</span> 
     </span>
     <span class='ocr_line' id='line_1_36' title="bbox 111 3365 1162 3447; baseline -0.011 -17"><span class='ocrx_word' id='word_1_356' title='bbox 111 3379 212 3431; x_wconf 85' lang='lat' dir='ltr'>sarium</span> <span class='ocrx_word' id='word_1_357' title='bbox 226 3390 296 3444; x_wconf 80' lang='lat' dir='ltr'>erut,</span> <span class='ocrx_word' id='word_1_358' title='bbox 311 3395 362 3430; x_wconf 89' lang='lat' dir='ltr'>nec</span> <span class='ocrx_word' id='word_1_359' title='bbox 373 3375 454 3442; x_wconf 84' lang='lat' dir='ltr'>vidit,</span> <span class='ocrx_word' id='word_1_360' title='bbox 468 3377 563 3428; x_wconf 81' lang='lat' dir='ltr'><strong>HANG</strong></span> <span class='ocrx_word' id='word_1_361' title='bbox 577 3375 764 3447; x_wconf 85' lang='lat' dir='ltr'>undecumque</span> <span class='ocrx_word' id='word_1_362' title='bbox 778 3374 834 3425; x_wconf 86' lang='lat' dir='ltr'>erui</span> <span class='ocrx_word' id='word_1_363' title='bbox 846 3385 872 3424; x_wconf 91' lang='lat' dir='ltr'>et</span> <span class='ocrx_word' id='word_1_364' title='bbox 887 3371 977 3425; x_wconf 80' lang='lat' dir='ltr'>referri</span> <span class='ocrx_word' id='word_1_365' title='bbox 992 3381 1114 3440; x_wconf 87' lang='lat' dir='ltr'>oportere</span> <span class='ocrx_word' id='word_1_366' title='bbox 1127 3365 1162 3420; x_wconf 85' lang='lat' dir='ltr'>ad</span> 
     </span>
     <span class='ocr_line' id='line_1_37' title="bbox 112 3449 1160 3530; baseline -0.01 -22"><span class='ocrx_word' id='word_1_367' title='bbox 112 3457 229 3508; x_wconf 79' lang='lat' dir='ltr'><strong>ILLAM.</strong></span> <span class='ocrx_word' id='word_1_368' title='bbox 242 3458 336 3530; x_wconf 83' lang='lat' dir='ltr'>Neque</span> <span class='ocrx_word' id='word_1_369' title='bbox 351 3455 440 3528; x_wconf 85' lang='lat' dir='ltr'>placet</span> <span class='ocrx_word' id='word_1_370' title='bbox 452 3456 631 3522; x_wconf 85' lang='lat' dir='ltr'>constructio,</span> <span class='ocrx_word' id='word_1_371' title='bbox 643 3451 813 3508; x_wconf 57' lang='lat' dir='ltr'>militane...</span> <span class='ocrx_word' id='word_1_372' title='bbox 826 3452 992 3518; x_wconf 67' lang='lat' dir='ltr'>candidatio,</span> <span class='ocrx_word' id='word_1_373' title='bbox 1005 3463 1055 3504; x_wconf 91' lang='lat' dir='ltr'>etc.</span> <span class='ocrx_word' id='word_1_374' title='bbox 1066 3449 1160 3500; x_wconf 80' lang='lat' dir='ltr'>Wonr.</span> 
     </span>
    </p>
   </div>
   <div class='ocr_carea' id='block_1_5' title="bbox 0 0 1542 5146">
    <p class='ocr_par' dir='ltr' id='par_1_5' title="bbox 0 0 1542 5146">
     <span class='ocr_line' id='line_1_38' title="bbox 0 0 1542 5146; baseline 0 1"><span class='ocrx_word' id='word_1_375' title='bbox 0 0 1542 5146; x_wconf 95' lang='lat' dir='ltr'> </span> 
     </span>
    </p>
   </div>
  </div>
 </body>
</html>
