3076 5146
394 527 460 611 416
519 537 527 548 “
770 525 1069 592 Ο.8[ΙΕΤΟΝΙΙ

347 735 350 741 ,
393 679 495 752 quam
512 670 625 722 tamen
639 670 698 720 aut
711 653 875 736 historiae,
891 652 1139 722 carminibusve
1153 653 1345 736 noscendis,
1359 676 1426 749 ope·

326 787 329 794 ·
393 790 465 833 ram
484 763 605 846 ullam,
628 780 686 832 aut
701 763 777 831 stilo
791 763 845 831 vel
859 766 1049 831 necessario
1068 762 1190 832 dedita
1212 771 1335 833 Praeter
1352 793 1426 836 com·
1525 839 1526 856 p

392 877 574 943 mentarios
594 891 628 942 et
644 888 718 964 acta
735 873 860 946 Tiberii
879 872 1041 942 Caesaris³
1063 873 1147 940 nihil
1169 874 1352 945 lectitabat:
1372 883 1427 971 epi

393 986 511 1067 stolas,
531 989 785 1081 orationesque,
803 1001 837 1052 et
853 985 962 1054 edicta
978 985 1087 1053 alieno
1104 987 1272 1055 formabat
1289 991 1426 1081 ingenio:

393 1100 557 1176 sermonis
567 1113 679 1163 tamen
690 1121 752 1164 nec
764 1096 973 1188 inelegantis,
983 1096 1152 1165 dictorum
1161 1097 1332 1167 interdum
1342 1105 1429 1169 etiam

393 1208 602 1277 notabilium.
637 1207 837 1291 «Vellem‚»
870 1212 997 1304 inquit,
1030 1225 1126 1277 «tam
1154 1212 1324 1281 formosus
1348 1239 1428 1296 esse,

393 1345 496 1417 quam
512 1319 657 1402 Matius4
675 1319 737 1388 sibi
753 1319 898 1389 videtur.
914 1354 927 1382 r
949 1327 991 1388 Et
1005 1319 1182 1415 cujusdam
1201 1342 1320 1417 caput,
1340 1331 1430 1394 varie

393 1447 461 1500 tate
484 1431 595 1524 capilli
619 1430 823 1498 subrutilum
847 1447 880 1501 et
905 1436 1080 1514 incanum,
1111 1433 1308 1526 «perfusam
1330 1439 1429 1506 nivem

394 1542 504 1610 mulso
517 1574 530 1602 u
549 1539 642 1609 dixit.

440 1657 526 1722 XXl.
556 1653 813 1722 «Conditionem
834 1657 1026 1747 Principum
1045 1659 1294 1724 miserrimam»
1314 1656 1428 1739 aiebat,

399 1767 548 1862 aquibus
562 1765 603 1833 de
620 1763 850 1859 conjuratione
865 1781 1037 1860 comperta
1053 1791 1121 1835 non
1138 1767 1361 1851 crederetur¹‚
1376 1769 1430 1835 nisi

394 1877 522 1945 occisis
537 1907 550 1937 υ
573 1880 711 1964 Quoties
729 1880 836 1944 otium
851 1893 958 1959 esset,
975 1877 1047 1944 alea
1067 1902 1102 1945 se
1121 1877 1328 1959 oblectabat,
1343 1881 1430 1944 etiem

394 1989 551 2081 profestis
564 1985 700 2069 diebus,
715 1989 955 2081 matutinisque
969 1986 1100 2055 horis²:
1116 2012 1156 2057 ac
1169 1986 1304 2056 lavabat
1315 1985 1355 2054 de
1368 1987 1429 2067 die,

395 2097 648 2192 prandebatque
658 2095 701 2164 ad
714 2101 916 2179 satietatem3
928 2115 1044 2164 utnon
1055 2113 1179 2164 temere
1189 2121 1293 2190 super
1303 2121 1429 2174 cinnam,

395 2225 518 2301 praeter
527 2211 712 2276 Matianum
724 2206 881 2306 malum³‚
891 2224 924 2274 et
933 2208 1099 2275 modicam
1111 2211 1144 2274 in
1153 2207 1303 2300 ampulla
1313 2210 1431 2300 potiun

395 2319 507 2386 culam
530 2335 688 2386 sumeret.
712 2317 959 2385 Convivabatur
979 2317 1172 2410 frequenter
1193 2343 1232 2384 ao
1253 2317 1358 2409 large,
1381 2315 1431 2382 sed

397 2451 492 2519 paene
502 2409 639 2521 raptim}
653 2445 742 2496 certe
754 2453 823 2496 non
834 2427 922 2495 ultra
932 2427 1011 2494 solis
1024 2451 1196 2511 occasum,
1210 2451 1273 2496 nec
1284 2446 1322 2494 ut
1328 2444 1432 2520 postea

397 2631 413 2682 l.
426 2629 562 2710 intelligit,
577 2630 610 2682 ab
622 2631 740 2682 Antonio
753 2631 897 2703 Cleopatra
943 2627 1062 2701 Excerpt.
1078 2633 1189 2684 Peireso.
1202 2632 1303 2684 inserta
1317 2628 1429 2702 Xipbilio.

396 2709 522 2761 donatam
541 2723 567 2760 et
584 2708 770 2762 Alexandriam
783 2711 897 2762 transla-
942 2711 1047 2778 LXVll,
1066 2728 1103 2762 tl.

398 2801 458 2842 tam.
978 2790 1002 2856 4,
1023 2791 1136 2852 Metius;
1150 2789 1249 2861 dequo
1263 2788 1323 2840 vide
1335 2789 1429 2860 Vespas.

434 2887 457 2921 a.
472 2871 614 2940 Nunquam
624 2868 831 2922 tamen...dedit.
843 2870 897 2920 Pri·
947 2870 993 2937 14,
1009 2883 1035 2922 et
1048 2871 1147 2921 Domit.
1167 2887 1205 2920 ro.
1250 2905 1254 2916 .

397 2961 471 3000 vetus
487 2949 557 2999 enim
571 2945 704 2998 simulavit
717 2959 820 2996 tantum
836 2965 899 3017 poe·
976 2951 1046 3001 XXI.
1060 2967 1080 3000 r.
1095 2949 1222 3018 Quibus...
1233 2948 1434 3012 noueredmtur,

397 3029 454 3079 ticoe
466 3025 582 3079 studium
594 3025 669 3095 (vide
681 3044 740 3096 cap.
756 3024 794 3096 2).
806 3027 898 3078 Poeta·
943 3042 993 3080 etc.
1012 3027 1111 3079 Eadem
1128 3039 1168 3079 est
1189 3029 1321 3079 sententia
1338 3028 1435 3090 Dionis,

397 3127 472 3173 rum,
490 3111 536 3181 qui
550 3107 679 3160 extollunt
697 3105 822 3159 laudibus
842 3109 898 3177 ejus
942 3106 1007 3170 LIV,
1020 3105 1059 3157 15.
1073 3105 1434 3176 RepetiitDomitianidictum

397 3187 593 3254 eruditionem,
623 3188 756 3240 neminem
785 3185 900 3238 movebit
943 3184 1108 3249 Hadrianus,
1129 3197 1238 3237 auctore
1252 3184 1357 3238 Vulcat.
1375 3184 1433 3236 Gall.

398 3265 524 3318 adulatio.
535 3295 571 3306 -
582 3266 730 3318 Noscendis.
743 3267 899 3336 Recepimus
943 3265 970 3315 in
985 3265 1044 3314 Vita
1056 3261 1144 3316 Avidii
1158 3265 1258 3328 Cassii,
1274 3283 1333 3335 cap.
1350 3283 1372 3316 α.

398 3344 449 3395 boe
465 3364 526 3396 cum
542 3343 666 3397 Oudeud.
688 3347 849 3414 optimorum
868 3343 899 3394 li·
981 3361 1005 3395 a.
1026 3344 1116 3396 Etiam
1131 3343 1254 3414 profestis
1269 3345 1370 3407 diebus,
1389 3363 1437 3395 ma·

397 3425 507 3476 brorum
521 3425 580 3476 fide.
593 3423 843 3498 Alscoqriosceudis,
859 3439 900 3476 at·
945 3422 1083 3494 latinisque
1092 3422 1175 3482 horim
1189 3435 1326 3496 tempore,
1338 3423 1437 3496 negotiis

398 3522 450 3576 que
465 3505 500 3554 its
517 3521 667 3578 coquoscere
684 3503 786 3556 libellos
803 3502 900 3572 legitur
945 3499 1010 3554 alias
1024 3501 1096 3553 dato.
1128 3525 1130 3530 ·

397 3582 437 3633 lll.
449 3582 565 3634 Gramm.
579 3582 620 3646 ai.
634 3584 779 3653 Utrumque
790 3596 830 3634 est
840 3581 900 3634 eiiu-
980 3581 1004 3632 3.
1026 3582 1125 3633 Proeter
1134 3583 1286 3634 Matianum
1296 3581 1399 3634 malum.
1411 3581 1435 3632 G.

397 3659 495 3729 ’γιὸιιῃ
510 3660 607 3732 lepore,
620 3659 699 3731 idque
710 3679 771 3712 cum
783 3661 878 3715 studio.
944 3658 1055 3720 Marius,
1075 3660 1188 3730 Augusti
1205 3663 1323 3729 amicus,
1342 3662 1438 3712 invene·

435 3741 458 3790 3.
479 3741 576 3791 Proeter
591 3741 789 3792 commentarios
804 3754 830 3792 et
843 3752 900 3792 acta
945 3752 986 3790 rat
1008 3758 1116 3790 nemora
1140 3739 1248 3792 tonsilia
1269 3739 1352 3809 (Plio.
1377 3740 1434 3789 llist.

400 3818 497 3871 Tiberii
521 3817 641 3883 Cauris,
663 3832 713 3869 etc.
738 3820 900 3870 Commenta·
944 3819 1005 3870 Nat.
1016 3816 1438 3892 Xll‚a[6]),etsoripseratetitm

400 3898 451 3949 rius
462 3911 516 3962 est,
531 3914 606 3968 quem
621 3895 652 3947 de
664 3896 717 3948 vita
728 3915 774 3948 sua
787 3916 900 3950 summa·
946 3896 979 3949 de
998 3911 1052 3949 arte
1070 3899 1228 3968 coquinaria
1245 3899 1365 3970 (Colum.
1384 3899 1439 3962 llll,

401 3976 447 4026 tim
456 3975 612 4046 breuiterque
621 3976 765 4047 composuit
776 3975 896 4029 Tiberius.
946 3975 1003 4046 44).
1017 3976 1059 4026 Ab
1068 3995 1101 4028 eo
1116 3977 1257 4029 conditore
1267 3995 1364 4030 nomen
1375 3993 1440 4028 aoce-

400 4051 439 4102 Ci.
454 4052 539 4104 Tiber.
554 4051 596 4104 6¹.
615 4052 682 4106 Acta
694 4066 782 4104 autem
795 4041 899 4118 u'uouui-
946 4058 985 4126 pit
1003 4056 1104 4108 molum
1124 4056 1284 4108 Matianum.
1307 4055 1369 4108 Ptin.
1389 4055 1440 4120 xl,

398 4149 484 4196 uma,
500 4142 558 4183 ueta
569 4130 683 4201 publiea.
699 4129 766 4183 Vide
781 4134 851 4205 lips.
868 4133 901 4184 ad
950 4137 980 4202 14
996 4135 1067 4207 (15);
1080 4135 1198 4188 Macrob.
1213 4137 1265 4189 Sat.
1285 4139 1324 4203 11,
1340 4135 1383 4198 15;
1395 4135 1439 4186 Co·
1525 4191 1526 4194 ,

401 4210 484 4262 Tacit.
502 4211 595 4263 Annal.
616 4212 648 4278 V,
669 4211 702 4280 4,
718 4225 743 4264 et
757 4212 845 4266 Voles.
868 4214 901 4266 ad
947 4215 1009 4270 lum.
1024 4220 1058 4284 V,
1073 4231 1110 4270 io.
1130 4215 1170 4268 Cf.
1190 4215 1318 4269 llerduin.
1333 4214 1365 4268 ad
1379 4213 1436 4268 Plin-
1525 4269 1526 4284 ¹

1524 4315 1526 4380 i
