3048 5142
548 568 687 634 NERO.
1079 573 1140 662 195

95 699 133 766 ab
146 701 285 768 Averno
302 697 432 764 Ostiam
445 717 570 790 usque,
588 710 628 762 ut
645 693 807 777 navibus,
826 719 889 764 nec
905 713 1020 764 umen
1038 703 1141 784 meri,

94 813 214 891 iretur,
234 805 453 899 longitudinis
469 829 532 898 per
550 820 686 874 centum
707 808 878 899 sexaginta
895 807 1017 890 millia3
1035 806 1145 877 latitu-

95 920 197 1003 dinis,
220 943 291 1015 qua
313 919 490 986 eontrariae
510 919 772 1014 quinqueremes
793 935 1030 987 commearent.
1052 925 1144 1006 Quo·
1162 995 1164 1000 ,

96 1053 168 1098 runt
188 1052 335 1122 operum
353 1027 639 1120 perficiendorum
659 1031 783 1122 gatis,
803 1027 895 1124 quod
913 1030 1038 1124 ubique
1054 1047 1146 1098 esset

95 1139 275 1223 custodiae,
297 1141 331 1206 in
353 1137 484 1206 ltaliam
504 1137 692 1232 deportari,
712 1143 812 1208 etiem
831 1139 957 1208 scelere
975 1143 1145 1209 convictos

97 1275 161 1319 non
174 1253 244 1318 nisi
256 1249 302 1319 ad
313 1271 399 1344 opus
416 1248 587 1332 damnari,
600 1266 818 1345 praeceperat.
837 1251 888 1318 Ad
906 1250 999 1320 hunc
1017 1255 1146 1346 impen-

98 1361 230 1430 diorum
244 1363 415 1444 furorem,
427 1385 534 1456 super
544 1361 702 1431 fiduciam
715 1365 865 1457 imperii,
878 1365 979 1432 etiem
991 1387 1051 1457 spe
1068 1387 1147 1458 que·

99 1473 173 1541 dam
191 1475 370 1566 repentine
385 1476 627 1542 immensarum
646 1489 679 1542 et
696 1474 948 1543 reconditarum
965 1499 1070 1570 opum
1084 1477 1147 1542 im·

100 1583 215 1680 pulsus
235 1599 304 1667 est,
326 1608 368 1651 ex
383 1581 508 1652 indicio
529 1587 657 1681 Equitis
674 1589 816 1655 Romani
826 1602 871 1670 ¹²,
890 1609 954 1680 pro
972 1600 1147 1680 comperto

101 1691 306 1786 pollicentis,
322 1691 499 1762 thesauros
515 1697 756 1790 antiquissimae
772 1720 879 1789 gazae,
894 1719 981 1791 quos
995 1693 1081 1766 Dido
1096 1720 1148 1764 re-

102 1807 172 1898 gine
183 1804 319 1898 fugiens
330 1810 423 1900 Tyro
437 1829 553 1874 secum
568 1807 760 1892 extulisset,
773 1831 846 1876 esse
857 1811 894 1875 in
906 1807 1016 1875 Africa
1031 1809 1148 1876 vestis-

103 1917 187 1984 simis
197 1915 369 2012 specubus
379 1915 522 2000 abditos‚
534 1942 572 1985 ac
581 1940 681 2012 posse
690 1921 763 1988 erui
779 1917 921 2014 parvula
935 1897 1148 1992 molientiuin
1190 1979 1195 1993 .

102 2047 229 2118 opera·
260 2100 262 2110 ,
689 2073 698 2084 -
1220 2105 1223 2118 Ι

142 2143 281 2209 XXXII.
308 2145 435 2208 Verum
449 2157 487 2207 ut
502 2164 579 2233 spes
597 2140 732 2224 fefellit,
749 2140 969 2223 destitutus,
985 2156 1088 2236 etque
1104 2142 1150 2208 ite

103 2245 166 2343 jam
177 2249 364 2320 exhaustus
376 2268 411 2320 et
421 2276 542 2348 egens,
558 2268 597 2322 ut
608 2251 775 2347 stipendia
786 2276 922 2352 quoque
937 2252 1098 2333 militum,
1112 2250 1150 2320 'et

107 2360 278 2430 commode
295 2378 553 2447 veteranorum,
572 2362 724 2457 protrahi
742 2387 782 2430 ec
799 2362 925 2430 differri
940 2385 1078 2428 necesse
1098 2383 1150 2428 es·

108 2487 168 2556 set,
183 2471 364 2540 calumniis
380 2475 574 2570 rapinisque
592 2473 735 2541 intendit
752 2475 914 2540 animum.
934 2477 1020 2538 Ante
1037 2472 1149 2562 omnia

109 2584 262 2667 instituit,
272 2600 315 2652 ut
325 2609 345 2654 e
356 2583 555 2654 libertorum
566 2583 803 2654 defunctorum
818 2585 915 2654 bonis
932 2608 996 2676 pro
1011 2586 1152 2652 semisse

109 2689 241 2762 dextans
261 2695 293 2761 ei
314 2712 507 2788 cogeretur,
527 2697 608 2790 qui²
630 2697 702 2762 sine
720 2693 888 2788 probabili
907 2717 1008 2761 causa
1025 2717 1066 2761 eo
1087 2715 1150 2759 no·

113 2914 217 2986 gabilext¹
226 2916 326 2970 fossam
338 2935 423 2990 usqtte
437 2917 472 2970 ad
484 2919 551 2970 ostia
562 2920 605 2970 Ti·
649 2917 716 2970 Plin.
732 2917 814 2988 Epist.
833 2917 877 2984 w,
895 2933 935 2982 tr,
952 2915 982 2982 5,
1000 2914 1151 2966 «fremebat

115 2993 195 3048 beriue
208 2994 397 3068 depressuros,
411 2995 604 3069 promiserant,
648 2999 830 3063 Domitianus,
852 2995 1031 3066 metuebatque
1050 2996 1152 3064 ingenti

117 3073 235 3144 squalenti
255 3074 352 3142 litore,
373 3090 419 3128 eut
436 3090 605 3147 permenses
649 3077 758 3144 invidia,
772 3075 942 3140 destitutus,»
956 3073 983 3125 b.
998 3092 1020 3125 e.
1034 3074 1055 3125 si
1067 3076 1153 3126 consi

118 3150 236 3205 adversos.
249 3153 343 3224 Neque
357 3154 428 3205 enim
439 3152 512 3204 uliud
521 3153 606 3204 humi·
649 3154 734 3208 liovel
743 3173 790 3225 spe
800 3153 946 3205 excidisset.
954 3153 1033 3204 Conl.
1041 3153 1152 3204 omnino

119 3227 606 3304 dumgignendisaquisoccmrit,quem
649 3233 749 3306 Xipbil.
762 3235 833 3299 LXl,
848 3227 873 3284 5.

118 3308 473 3381 Pomptintepaludes3cetera
482 3309 607 3383 abrupta,
687 3333 712 3367 ι.
727 3315 789 3366 Ut...
799 3315 906 3365 dextans
912 3312 936 3364 εἰ
943 3323 1083 3386 reperetur,
1091 3313 1151 3383 qui,

118 3391 281 3456 ausarensis,
294 3409 340 3454 ac,
354 3391 376 3443 si
392 3393 530 3462 perrumpi
544 3408 607 3462 pos·
651 3407 701 3448 etc.
722 3394 794 3445 Prius
809 3392 953 3445 dicendum
969 3391 1003 3444 de
1021 3391 1152 3459 lectione,

118 3481 179 3536 seut,
192 3468 468 3537 intoleranduslebor,
483 3471 606 3522 necestis
650 3472 712 3526 dein
730 3472 764 3524 de
782 3489 869 3525 sensu.
885 3471 932 3522 llla
945 3472 1018 3523 varie
1037 3481 1077 3522 est
1094 3489 1154 3522 cor-
1180 3485 1181 3488 ’

117 3567 198 3601 cause.
213 3551 285 3602 Nero
297 3539 400 3616 temen,
413 3565 442 3603 ut
454 3565 511 3603 eret
521 3553 606 3602 incre·
650 3565 744 3624 rupte3
756 3569 816 3602 uam
827 3570 878 3622 pro
891 3549 1012 3601 dextante
1024 3551 1050 3600 in
1063 3549 1153 3602 multis

118 3625 351 3700 dibiliumeupitcr,
361 3627 479 3682 effodere
486 3630 607 3700 proxima
651 3644 691 3683 est
709 3630 834 3695 dodrans,
854 3643 934 3702 atque
953 3629 998 3680 elii
1016 3627 1097 3680 verba
1115 3629 1153 3680 sio

118 3707 209 3760 lterum
215 3711 279 3779 juga
289 3711 419 3761 connixus
427 3721 479 3774 est,
489 3721 608 3761 manent·
652 3710 779 3775 efferunt,
791 3710 898 3763 dextans
906 3709 1083 3781 cogereturet',
1094 3709 1152 3779 qui,

120 3805 162 3858 que
175 3789 280 3858 vestigia
292 3789 369 3880 irn'tq
383 3789 450 3860 spei.
460 3813 471 3837 ι
652 3801 701 3842 etc.
713 3788 786 3861 quod
797 3791 886 3841 venire
896 3791 985 3860 potuit
993 3807 1024 3840 ex
1036 3787 1104 3838 mele
1114 3790 1153 3838 in·

151 3885 188 3920 rs.
204 3871 246 3920 Ex
257 3867 355 3920 iudicio
366 3869 468 3941 Equitis
481 3869 607 3929 Romeui‚·
652 3870 758 3921 tellecto
777 3869 816 3935 ei,
835 3867 908 3938 quod
927 3867 961 3918 ad
979 3885 1091 3938 sequens
1108 3867 1155 3938 qui

119 3945 212 4000 ceseltu
228 3949 312 4000 sassi.
326 3947 393 4000 Vide
406 3950 490 4001 Tacit.
510 3947 606 4000 Annei.
651 3949 810 4020 ineptissime
824 3945 978 3999 retulerunt.
991 3948 1061 4012 lmo,
1076 3945 1098 3996 si
1109 3961 1156 4012 ge·

120 4022 182 4091 XVl,
197 4043 205 4078 ι
219 4045 275 4098 seq.
651 4028 750 4078 nuinus
765 4026 808 4077 bic
825 4025 966 4077 verborum
983 4037 1021 4076 est
1034 4021 1116 4086 ordo,
1130 4023 1155 4074 ei

149 4099 249 4158 xxxu.
265 4123 287 4158 ι.
300 4106 458 4170 Destitutor,
472 4109 549 4178 inops
562 4125 608 4158 eu·
653 4120 692 4160 est
703 4126 753 4178 pro
765 4106 825 4170 siti,
840 4104 914 4178 quod
925 4123 980 4156 nou
990 4101 1105 4155 debebat
1115 4102 1156 4152 oi·

7 4221 8 4226 ¹
121 4179 181 4249 tilii,
190 4184 242 4237 scil.
255 4203 329 4238 exeo
338 4187 412 4257 ipso,
426 4185 499 4258 quod
507 4203 562 4258 spes
568 4184 610 4256 fe·
653 4185 898 4239 fendereGraerium
904 4182 1062 4255 postlocum
1071 4177 1155 4250 Calig.

7 4259 8 4272 ³
122 4257 191 4323 {stlte
205 4263 269 4315 Vide
286 4265 364 4317 eden
381 4264 414 4317 ad
433 4283 492 4336 cup.
514 4281 552 4318 to.
568 4266 609 4316 lta
653 4267 687 4334 34
698 4267 742 4320 lin.
754 4266 798 4319 ubi
807 4276 902 4338 preter
909 4283 970 4316 eum
980 4273 1019 4314 est
1027 4279 1077 4332 pro
1087 4276 1156 4330 pre,

963 4355 1013 4420 13.
