3076 5146
441 519 638 585 eonion
662 521 785 585 vni.
1069 523 1129 606 451

98 683 111 713 ι
124 653 255 719 Horatii
269 647 393 731 Flacci,
410 664 449 713 ut
463 651 547 728 mei,
563 671 692 714 memor
706 663 787 715 esto.
802 679 815 709 υ
833 652 1003 740 Augustus
1019 653 1050 717 ei
1064 655 1139 745 Epi-

94 761 259 828 stolarnm
273 757 422 826 officium
437 755 574 838 obtulit,
594 774 633 824 ut
643 756 709 824 hoc
725 755 769 824 ad
781 762 999 826 Maecenatem
1014 763 1137 854 scripto

93 870 275 964 significat:
296 900 309 929 a
324 876 422 951 Ante,
433 871 506 959 ipse
518 865 702 934 scribendis
715 867 864 960 epistolis
875 871 1060 938 amicornm
1073 875 1138 940 suf-

93 979 262 1049 ficiebam:
288 1003 380 1046 nunc
401 980 691 1070 occupatissimus,
715 992 749 1046 et
770 978 941 1061 infirmuS,
964 984 1139 1051 Horatium

92 1106 249 1157 nostrum
265 1112 286 1154 a
298 1104 331 1154 te
345 1089 445 1179 cupio
458 1085 636 1154 abducere.
651 1089 771 1154 Veniet
787 1111 866 1179 ergo
881 1088 924 1155 ab
938 1091 1001 1157 ista
1016 1099 1140 1182 parasi-
1192 1083 1195 1089 ¹

93 1201 158 1266 tica
174 1222 292 1266 mensa
305 1197 348 1264 ad
362 1197 450 1264 hanc
464 1198 606 1287 regiam,
622 1213 655 1264 et
668 1220 730 1265 nos
744 1200 780 1264 in
794 1197 977 1268 scribendis
992 1203 1141 1296 epistolis

90 1304 263 1400 juvabit.»
287 1314 333 1374 Ac
354 1331 396 1374 ne
417 1310 585 1373 recusanti
605 1306 742 1402 quidem
762 1324 821 1373 eut
842 1314 1031 1377 succensuit
1049 1315 1142 1407 qnie-

93 1435 217 1514 quam,
234 1434 294 1486 aut
308 1418 489 1485 amicitiam
508 1441 604 1485 suam
622 1419 773 1509 ingerere
790 1416 898 1487 desiit.
916 1423 1056 1488 Exstant
1074 1427 1142 1516 epi-

93 1529 201 1613 stolae,
215 1552 256 1596 ex
266 1529 400 1625 quibus,
410 1531 597 1618 argumenti
609 1529 729 1620 gratia,
740 1551 847 1618 pauca
856 1527 997 1622 subjeci:
1020 1535 1142 1601 «Sume

93 1641 154 1708 tibi
166 1639 294 1736 aliquid
303 1637 389 1732 juris
400 1638 493 1731 apud
505 1663 577 1722 me,
590 1653 750 1732 tanquam
761 1642 787 1706 si
800 1639 971 1708 convictor
981 1642 1064 1711 mihi
1074 1645 1145 1712 fite·

93 1757 158 1832 ris:
177 1769 267 1821 recte
285 1754 393 1834 enim,
411 1768 445 1818 et
460 1775 530 1817 non
546 1768 670 1817 temere
687 1749 820 1833 feceris;
836 1755 997 1843 quoniam
1012 1753 1046 1820 id
1063 1780 1144 1824 usus

92 1864 179 1931 mihi
192 1881 304 1931 tecum
317 1886 391 1930 esse
403 1861 510 1942 volui,
526 1863 553 1927 si
566 1885 626 1952 per
637 1859 865 1927 valetudinem
878 1876 971 1929 tuam
983 1863 1054 1932 fieri
1064 1890 1144 1958 pos-

93 1976 147 2042 sit
163 2005 176 2034 a
191 1977 234 2040 Et
241 1996 376 2039 rursus:
393 1973 482 2038 «Tui
492 1968 627 2064 qualem
637 1968 781 2036 habeam
792 1973 1006 2072 memoriam,
1018 1979 1144 2068 poteris

93 2111 137 2153 ex
159 2087 318 2178 Septimio
337 2108 472 2178 quoque
491 2095 607 2148 nostro
625 2078 758 2148 audire:
781 2106 859 2148 nam
878 2083 1010 2166 incidit,
1028 2088 1144 2156 utillo

89 2192 211 2266 'coram
225 2193 319 2262 fieret
333 2219 352 2260 a
368 2218 421 2260 me
437 2196 485 2260 tui
502 2196 637 2260 mentio
654 2197 770 2286 Neque
787 2195 865 2260 situ
882 2195 1048 2286 superbus
1062 2203 1144 2266 arni-

91 2311 209 2376 citiam
217 2322 364 2374 nostram
375 2306 540 2397 sprevisti,
549 2300 625 2370 ideo
634 2327 696 2369 nos
706 2327 841 2399 quoque
850 2296 1113 2401 msspnwocpm
1126 2342 1139 2371 n

92 2425 263 2488 Praeterea
279 2441 367 2509 saepe
383 2413 470 2482 inter
485 2409 569 2481 alios
580 2403 675 2514 jocos
695 2445 707 2474 n
722 2417 959 2506 purissimum⁵
972 2440 1110 2508 penem,
1126 2453 1139 2482 a

94 2545 130 2596 et
153 2526 442 2594 «homuncionem
459 2523 730 2616 lepidissimum»
757 2523 920 2617 appellat:
945 2551 1080 2622 unaque
1111 2548 1145 2598 et

93 2639 201 2707 altera
213 2636 410 2705 liberalitate
422 2637 649 2730 locupletavit.
663 2639 789 2730 Scripta
802 2636 939 2732 quidem
951 2635 1023 2732 ejus
1036 2667 1144 2736 nsque
1208 2631 1212 2638 ,

93 2750 183 2820 adeo
203 2747 372 2842 probavit,
395 2773 622 2844 mansuraque
635 2765 805 2841 ‘perpetuo
826 2752 982 2841 opinatus
1003 2749 1084 2834 est⁶,
1107 2772 1146 2820 nt

93 2885 168 2928 non
191 2857 292 2927 modo
315 2856 468 2926 Seculare
492 2853 635 2925 carmen¹
649 2857 921 2950 componendum
944 2858 1142 2952 injunxerit,

95 2971 158 3039 sed
179 2985 213 3036 et
230 2966 438 3035 Vindelicum
457 2970 630 3034 victoriam
648 2968 773 3035 Tiberii
790 2967 957 3064 Drusique
979 2973 1144 3064 privigno·

94 3105 193 3148 rum:
207 3101 353 3174 eumque
369 3079 514 3168 coegerit
531 3092 670 3169 propter
681 3075 762 3157 hoc,
781 3078 887 3145 tribus
905 3081 1091 3148 carminum
1106 3083 1145 3150 li·

93 3189 167 3257 bris
185 3187 341 3279 exlongo
356 3185 531 3252 intervallo
546 3202 705 3281 quartum
720 3185 860 3253 addere:
877 3204 955 3280 post
967 3192 1142 3261 Sermones

95 3322 235 3396 qnoque
247 3296 365 3380 lectos,
379 3295 506 3362 nullam
519 3297 570 3362 sui
582 3299 785 3364 mentionem
796 3295 943 3365 habitam
954 3301 1000 3365 ita
1011 3301 1054 3369 sit
1065 3327 1143 3398 que

97 3427 189 3478 stus:
216 3411 344 3475 :Irasci
360 3431 414 3473 me
432 3405 492 3473 tibi
509 3408 610 3488 scito,
626 3406 717 3502 quod
735 3432 804 3474 non
820 3410 856 3474 in
870 3407 1041 3506 plerisque
1058 3410 1145 3505 ejus·

96 3517 192 3588 modi
203 3520 335 3610 scriptis
347 3541 480 3584 mecum
492 3519 703 3609 potissimum
712 3517 871 3612 loquaris.
885 3525 936 3587 An
947 3525 1087 3606 vereris,
1101 3549 1143 3594 ne

97 3628 190 3723 apud
214 3644 365 3722 posteros
387 3625 445 3694 tibi
468 3627 592 3695 infame
616 3629 672 3709 sit,
696 3625 786 3722 quod
807 3627 949 3696 videaris
972 3631 1142 3701 familiaris

135 3879 161 3932 5.
193 3877 374 3930 Puritrr'mum.
401 3875 514 3928 Wollius
540 3887 601 3946 post
681 3877 706 3928 6.
720 3877 846 3948 Opinatus
856 3888 898 3930 est.
910 3875 1017 3929 Addidit
1027 3878 1079 3930 boc
1088 3899 1144 3932 rer·

98 3955 247 4010 Bentleiurn
254 3957 326 4009 dedit
335 3955 459 4024 scaligeri
470 3957 603 4024 conjectu·
645 3954 708 4006 bum
718 3953 940 4024 Rutgers.Venus.
951 3957 1021 4006 Leet.
1031 3975 1089 4028 cap.
1100 3960 1143 4025 30,

99 4054 157 4087 ram
178 4037 365 4107 potissimum,
390 4034 470 4105 idque
495 4031 601 4104 reliquis
646 4051 677 4083 ex
688 4051 743 4085 uno
753 4034 807 4084 MS.
824 4031 875 4084 Alii
891 4033 1078 4104 suppleverunt
1091 4055 1144 4089 cre-

99 4118 301 4169 convenientius
317 4116 426 4169 videtur.
647 4112 727 4171 diate-
740 4111 914 4183 Oudendorp.
927 4113 1056 4165 ominatus
1065 4125 1108 4166 est.

929 4303 982 4369 29.
