3054 5152
538 559 674 626 NERO.
1066 570 1127 656 167

93 685 179 782 quod
186 689 220 754 in
229 688 338 780 septis
348 681 478 766 edebat,
489 686 576 752 inter
583 682 752 778 buthysiae
760 704 979 780 apparatum,
989 692 1129 764 horbem

91 801 227 892 primum
246 791 409 889 poscite,
429 793 666 890 conditumque
684 800 718 865 in
742 822 880 868 auream
900 804 1076 895 pyxidem,
1097 824 1131 874 et

91 911 333 1002 pretiosissimis
348 909 535 998 margaritis
550 907 763 992 adornatam,
780 911 943 1002 Cupitollo
959 937 1131 984 consecre-

90 1023 142 1088 vit
196 1018 248 1087 Ad
272 1018 476 1087 athletarum
500 1018 731 1111 spectaculum
753 1021 906 1090 invitavit
930 1039 964 1090 et
982 1027 1131 1116 virgines

90 1131 283 1212 Vestales¹⁸‚
306 1133 385 1226 quis
404 1128 570 1223 Olympiae
592 1153 729 1225 quoque
747 1134 876 1200 Cereris
900 1134 1130 1206 seoerdotibus

89 1261 234 1338 spectare
254 1244 461 1312 conceditur.
1139 1231 1141 1238 '

129 1355 1132 1448 XIlLNonimmeritointerspeoteculeabeoeditestTirids·

88 1467 309 1535 tisinUrbem
320 1469 506 1534 introitum¹
514 1466 697 1535 retulerim.
709 1473 818 1554 Quem
828 1471 994 1538 Armeuite
1005 1493 1130 1562 regem,

3 1639 4 1642 ,
89 1578 211 1667 mugnis
225 1567 521 1669 pollicitationibus
531 1574 763 1660 sollicitatum,
778 1601 886 1672 quum
895 1578 1061 1648 destinato
1071 1603 1132 1672 per

88 1687 229 1756 edietum
243 1689 298 1757 die
309 1706 504 1758 ostensurus
519 1689 647 1783 populo
663 1706 801 1784 propter
816 1690 973 1759 nubilum
986 1691 1130 1760 distulis·

88 1813 148 1880 set,
160 1796 336 1892 produxit,
349 1823 417 1894 quo
428 1800 712 1892 opportunissime
721 1801 846 1892 potuit,
860 1798 1032 1892 dispositis
1042 1804 1130 1868 ciros

2 1903 3 1918 ¹
90 1912 159 1976 Feri
178 1909 325 2001 templs²
346 1913 482 1978 armatis
504 1905 712 1992 cohortibus,
736 1909 846 1976 curuli
868 1909 1017 1977 residens
1037 1909 1131 2004 opud

2 2055 3 2094 g
88 2024 202 2088 Restm
219 2021 461 2114 triumphantis
482 2017 616 2105 habitu,
635 2024 723 2088 inter
743 2024 838 2116 signs
855 2020 1011 2087 militaria
1030 2038 1131 2115 atque

89 2128 223 2200 vexilla:
236 2150 271 2202 et
284 2135 393 2226 primo
408 2158 469 2226 per
481 2133 647 2216 devexum
661 2129 851 2226 pulpitum³
864 2131 1066 2200 subeuntem
1077 2131 1132 2202 ad

88 2243 170 2309 misit
178 2241 223 2308 ad
234 2242 746 2338 genue,ellevatumquedextre
755 2241 966 2309 exosculatus
975 2258 1041 2322 est,
1053 2239 1130 2307 dein

88 2354 248 2444 precanti,
263 2355 347 2419 tiara
359 2352 518 2435 deducte,
534 2351 688 2420 diademo
699 2353 874 2444 imposuit,
888 2351 991 2419 verbo
1005 2349 1129 2444 suppli·

87 2461 130 2526 cis
142 2463 364 2556 interpretata
379 2444 536 2555 praetorio
555 2465 627 2532 viro
646 2461 854 2530 multitudini
870 2463 1128 2554 pronunciante.
1216 2541 1218 2546 Ι

121 2699 158 2753 ¹7·
177 2683 293 2736 Barbam
303 2679 423 2757 primam*
430 2685 526 2758 posuit.
540 2683 584 2738 Se·
605 2733 608 2739 ,
628 2685 885 2751 crustumerium
893 2683 1016 2756 Olympia
1027 2685 1132 2735 llomte?

87 2761 199 2812 modom
217 2761 319 2834 Xipbil.
338 2766 413 2831 LXI,
435 2782 481 2834 19,
501 2785 585 2838 quum
629 2768 668 2818 De
678 2763 825 2818 sacerdotio
835 2763 928 2816 Attice
939 2763 1131 2816 Cererisllomte

86 2839 218 2892 demodis
228 2839 388 2910 celebraret,
398 2860 460 2895 ann.
472 2846 533 2896 812.
544 2845 585 2896 De
630 2843 663 2894 of.
677 2843 789 2915 August.
802 2844 846 2911 93.
857 2865 868 2889 n
883 2841 1081 2893 Dubitstionetn
1093 2857 1132 2892 re·

88 2937 166 2987 suno,
190 2939 245 2992 quo
262 2919 376 2973 herbam
394 2939 495 2994 ponere
515 2923 586 2975 sole·
629 2935 719 2974 movet
732 2923 846 2994 genuine
861 2921 954 2986 lectio,
966 2937 1045 2991 quam
1058 2937 1126 2971 eom·

87 2997 146 3051 bert
162 3001 299 3068 Romani,
321 3013 432 3074 totoque
452 3005 504 3055 ritu
524 3002 585 3054 vide
628 3001 725 3072 probet
744 3005 800 3073 ipse
818 3019 875 3052 mos
894 3002 1022 3065 Neronis,
1041 2997 1129 3050 Graeoo

87 3079 149 3150 lips.
162 3081 276 3133 Excurs.
292 3080 325 3134 sd
337 3083 421 3135 Tacit.
435 3084 505 3136 Ann.
514 3085 585 3149 XIV,
629 3079 757 3132 inritsndi.

91 3157 124 3209 ¹5.
139 3189 174 3199 -
198 3159 329 3232 Capitolio
343 3159 457 3212 Cessub.
472 3173 498 3213 et
512 3161 585 3212 aliie
664 3161 732 3212 lllll.
753 3177 775 3214 r.
793 3159 915 3211 Tiridatis
931 3157 958 3209 in
978 3157 1072 3209 Urbem
1089 3158 1130 3208 iu·

87 3234 177 3307 Xipbil.
191 3236 292 3290 etcod.
302 3237 410 3291 Memm.
421 3251 586 3292 mutaverunt
630 3241 752 3300 troitum
764 3240 797 3291 A.
811 3240 841 3288 U.
855 3237 916 3307 819.
929 3235 1060 3289 Describit
1070 3253 1131 3288 eum

86 3317 176 3369 inlesi
192 3316 357 3388 Capitolium
367 3331 482 3376 veterem
494 3318 586 3371 lectio-
629 3316 730 3390 Xipbil.
743 3317 836 3382 Lxffl,
850 3333 858 3370 t
874 3333 928 3388 seq.

86 3397 244 3465 o-,eujus
253 3393 335 3446 alters
345 3409 385 3447 est
393 3397 585 3468 interpretatio,
666 3415 690 3448 π.
712 3398 784 3448 Circa
797 3396 857 3448 Fon'
868 3393 976 3468 temple.
988 3395 1052 3448 Non
1062 3393 1131 3448 edes

86 3477 405 3530 monemuthenses.
416 3479 517 3531 ernest.
530 3480 585 3532 Ou-
630 3476 712 3530 modo
724 3477 841 3528 Deorum
854 3479 882 3528 in
892 3475 961 3527 Foro
973 3478 1074 3547 positos
1087 3478 1131 3527 iu-

86 3555 256 3628 lsedorpiss.
630 3557 731 3626 tellige,
747 3573 829 3626 quom
843 3557 922 3608 etiem
936 3557 1026 3621 ouria,
1040 3553 1132 3607 besili-

121 3635 454 3710 relevio-ireturque
464 3634 589 3690 Vestales:
630 3653 683 3702 ese,
699 3636 851 3701 comitium,
866 3634 964 3707 temple
984 3636 1045 3685 sint.
1063 3634 1132 3685 Vide

87 3713 178 3768 θωνα
190 3717 328 3786 Augustos
341 3714 378 3786 (e.
390 3715 440 3786 44)
454 3737 466 3761 ι
476 3713 585 3768 stblets-
628 3717 731 3766 Ernest.
744 3714 815 3766 Cloe.
828 3714 914 3765 Oieer.
928 3712 978 3766 sub
989 3731 1048 3770 voe.
1066 3724 1132 3764 tem-

86 3791 586 3866 tttnspeotseulomuliebreseousom·
627 3795 719 3866 plum,
741 3807 768 3845 et
790 3796 893 3846 Manet.
916 3793 950 3846 sd
971 3794 1055 3846 Cicer.
1081 3807 1130 3863 pro

86 3892 129 3927 nes
141 3876 293 3927 summovit.
305 3897 317 3922 ι
330 3874 425 3924 -l'ro
440 3874 584 3947 Olympio,
629 3872 700 3925 Sext.
712 3891 771 3944 esp.
785 3891 826 3943 ²9·

87 3953 118 4006 sl.
130 3953 324 4027 Olympiolr.e.
334 3952 411 4005 ludos
420 3953 585 4025 Olympicus,
664 3949 689 4004 3.
709 3953 763 4005 Per
776 3952 900 4004 mrum
912 3951 1063 4024 pulpitum,
1079 3963 1130 4002 ete.
1149 3960 1152 3967 '

87 4033 161 4106 idque
177 4033 304 4108 probavit
320 4035 423 4087 Reines.
440 4034 475 4086 sd
488 4036 585 4105 mergi·
628 4031 763 4085 Deoexttm
777 4032 830 4085 diei
841 4029 1033 4102 menevensis}
1046 4047 1133 4100 respe-

87 4129 159 4180 nem,
177 4113 295 4180 addens,
313 4114 376 4166 utu
394 4112 427 4165 de
440 4112 585 4186 Olympiis,
630 4125 674 4166 ctu
683 4115 811 4181 Neronis,
823 4114 865 4166 tel
876 4113 1012 4180 sbsolom,
1023 4129 1079 4162 nou
1088 4111 1132 4161 Ti-

87 4209 141 4262 qu
157 4191 270 4245 Athenis
288 4192 382 4263 agitari
399 4189 501 4256 solent,
519 4203 586 4242 teste
629 4192 722 4246 ridetis
735 4193 882 4260 subeuntis,
896 4189 1073 4244 monitumeb
1090 4190 1132 4241 in·
1221 4268 1227 4278 .

1 4301 2 4354 3
87 4270 206 4342 loseript.
223 4273 260 4335 ll,
276 4287 338 4342 pag.
356 4271 422 4338 316,
438 4268 586 4340 intelligen·
631 4273 788 4343 terpretibus
799 4276 856 4343 jem
870 4283 917 4324 est.
