3068 5144
372 601 438 688 374
749 595 786 659 C.
812 593 1046 662 SUETONll

371 729 522 805 Remeat,
536 743 598 814 per
614 718 781 800 triduum,
796 715 1002 812 totidemque
1018 733 1152 800 noctes;
1168 721 1249 785 item
1263 717 1419 812 pestilen

370 837 417 901 tia
425 847 470 914 ¹⁰,
485 845 612 925 quanta
627 853 698 897 non
713 845 839 897 temere
855 827 949 896 alias.
968 833 1007 895 ln
1023 826 1075 896 his
1089 844 1140 896 tot
1153 828 1305 896 adversis
1321 853 1363 897 ac
1377 845 1420 896 ta-

371 943 460 1011 libus
470 995 479 1024 ,
491 964 561 1009 non
575 938 676 1008 modo
688 942 850 1032 Principis
863 937 1122 1008 sollicitudinem
1134 991 1143 1020 ,
1154 937 1214 1008 sed
1225 954 1261 1006 et
1270 943 1420 1033 parentis

369 1053 529 1122 affectum
545 1055 717 1119 unicum¹¹
740 1052 911 1142 praestitit:
933 1073 1026 1118 nunc
1045 1048 1252 1118 consolando
1273 1074 1339 1142 per
1358 1049 1422 1117 edi-

370 1181 442 1246 cta,
472 1186 565 1230 nunc
595 1159 812 1255 opitulando,
843 1176 1011 1257 quatenus
1041 1174 1235 1252 suppeteret
1265 1159 1419 1227 tanaitas.

369 1277 547 1342 Ctuatores
565 1269 781 1340 restituendae
795 1272 987 1362 Campaniae
1002 1293 1020 1337 e
1034 1268 1262 1338 consularium
1279 1293 1423 1338 numero

371 1401 461 1453 sorte
485 1383 628 1451 duxit¹¹.
656 1387 749 1450 Bona
773 1405 1015 1474 oppressorum
1041 1384 1076 1449 in
1102 1387 1252 1484 Vesevo,
1275 1405 1422 1476 quorum

370 1497 512 1566 heredes
526 1519 598 1564 non
613 1495 805 1577 exstabant,
819 1497 1022 1563 restitutioni
1033 1494 1237 1564 afflictarum
1246 1496 1423 1564 civitatum

370 1606 532 1676 attribuit
549 1607 650 1676 Urbis
668 1605 827 1676 incendio
842 1604 940 1687 nihil,
957 1607 1023 1674 nisi
1041 1605 1121 1689 sibi,
1139 1604 1276 1697 publice
1295 1609 1425 1700 perisse

370 1715 566 1801 testatus¹³,
582 1709 705 1788 cuncta
718 1719 954 1811 praetoriorum
971 1739 1110 1786 suorum
1127 1734 1330 1786 ornamenta
1349 1741 1425 1812 ope·

370 1828 464 1897 ribus
491 1853 531 1900 ac
558 1827 693 1922 templis
722 1826 918 1910 destinavit,
947 1829 1201 1923 praeposuitque
1228 1827 1424 1922 complures

370 1963 412 2008 ex
427 1942 575 2034 equestri
587 1939 723 2021 ordine,
740 1959 810 2033 quo
826 1962 970 2033 quaeque
985 1941 1151 2008 mamrius
1167 1958 1422 2032 peragerentur.

370 2049 550 2120 Medendae
566 2048 769 2131 valetudini,
786 2048 1019 2144 leniendisque
1034 2048 1178 2132 morbis,
1194 2049 1328 2117 nullam
1346 2051 1425 2120 divi-

370 2187 452 2232 nam
472 2162 725 2258 humanamque
745 2186 846 2256 opem
864 2186 935 2230 non
955 2161 1123 2245 adhibuit,
1145 2163 1309 2257 inquisito
1332 2165 1424 2234 omni

370 2271 612 2340 sacrificiorum
627 2272 922 2367 remediorumque
937 2295 1071 2365 genere.
1084 2276 1177 2340 Inter
1187 2269 1334 2340 adversa
1345 2288 1426 2340 tem-

370 2407 495 2478 porum
514 2400 548 2453 et
566 2381 732 2452 delatores
753 2382 1037 2478 mandaturosque
1049 2380 1075 2434 ¹⁴
1094 2399 1205 2465 erant,
1229 2405 1272 2450 ex
1289 2381 1425 2450 licentia

370 2499 486 2566 veteri.
504 2500 575 2566 Hos
586 2495 721 2567 assidue
733 2498 768 2564 in
783 2501 870 2566 Foro
882 2495 1023 2588 flagellis
1036 2521 1075 2564 ac
1086 2493 1232 2563 firstihus
1247 2519 1374 2578 caesos,
1389 2517 1427 2564 ac

370 2609 554 2676 novissime
575 2607 748 2675 traductos
773 2631 835 2698 per
855 2607 1100 2702 Amphitheatri
1123 2631 1278 2689 aronam,
1300 2609 1425 2700 partim

406 2811 432 2864 9.
452 2793 489 2845 lit
499 2791 651 2846 incendium
663 2793 765 2860 Rome,
779 2807 830 2845 etc.
842 2797 873 2846 Α.
921 2795 967 2848 isse
984 2805 1097 2848 testatos.
1121 2792 1201 2848 Foede
1222 2805 1370 2864 corruptos
1389 2802 1425 2844 est

374 2873 405 2926 U.
419 2872 481 2928 833.
492 2872 534 2925 Cf.
547 2871 675 2944 Xipbilin.
688 2891 711 2924 c.
725 2874 773 2940 ²4³
784 2873 874 2927 Aurei.
920 2871 996 2926 locus
1005 2875 1032 2926 in
1042 2873 1126 2928 libris.
1135 2873 1221 2926 Causa
1230 2873 1285 2925 fuit
1294 2871 1424 2925 invocab.

371 2953 474 3018 Victor,
488 2949 506 3002 l.
522 2969 546 3002 e.
917 2951 1038 3025 publice,
1051 2952 1124 3028 quod
1134 2951 1202 3006 male
1212 2951 1381 3006 intellectum
1390 2970 1425 3002 re·

336 3071 344 3086 .
411 3048 450 3086 10.
470 3033 537 3086 Item
548 3031 710 3104 pestilentia,
724 3031 875 3085 etc.Cineri
920 3033 1038 3086 tulerunt
1048 3032 1082 3085 ad
1093 3044 1203 3087 testatus.
1215 3029 1330 3085 Publice
1336 3047 1427 3102 penest

373 3129 388 3164 e
401 3114 517 3165 Vesuvio
531 3115 616 3184 ejecto
636 3131 695 3167 eam
714 3109 807 3163 tribuit
825 3111 874 3162 Xi-
920 3111 1163 3164 dicanturssdificia
1174 3125 1199 3163 et
1210 3122 1372 3162 crusmata
1382 3127 1427 3180 pu·

372 3189 438 3261 phil.
458 3208 519 3263 cap.
541 3191 582 3243 23.
597 3189 734 3242 decidisse
752 3208 810 3242 eam
825 3188 875 3241 sub
920 3188 1003 3254 blica,
1013 3189 1047 3243 de
1057 3190 1222 3262 quibusvide
1232 3188 1336 3261 Xiphil.
1348 3205 1426 3260 snpra

371 3270 537 3342 Vespasiano
553 3283 646 3342 patre,
668 3283 695 3321 et
711 3287 759 3340 per
777 3268 876 3321 multos
920 3272 980 3337 cit.,
992 3281 1210 3342 etopponuntur,
1220 3269 1425 3341 qtraepriuatim,

372 3347 429 3402 dies
442 3349 533 3402 decem
546 3347 625 3400 millia
637 3347 774 3400 hominum
786 3349 876 3420 sinqu—
920 3348 947 3401 h.
963 3369 985 3402 e.
1001 3347 1156 3402 hominibus
1172 3350 1282 3421 privatis
1296 3347 1333 3400 de
1349 3347 1426 3399 bonis

371 3427 876 3500 lisdiebusperiisse,auctorEusebius
921 3430 976 3482 suis
998 3427 1122 3482 incendio
1144 3431 1286 3502 perierant.
1309 3426 1362 3479 Illa
1383 3425 1428 3479 sits·

372 3521 412 3561 est
426 3509 454 3559 in
466 3505 613 3559 chronicis.
921 3511 1021 3579 perisse
1035 3511 1110 3562 Titus
1123 3508 1244 3575 dicebat,
1257 3525 1342 3579 quum
1354 3503 1427 3559 dam·

412 3602 451 3637 rr.
470 3583 607 3656 Affectum
616 3585 732 3636 unicam.
744 3586 876 3656 Lipsium,
920 3607 984 3640 num
1000 3591 1027 3640 in
1040 3608 1067 3642 se
1079 3590 1225 3661 reciperet,
1241 3606 1297 3639 non
1311 3589 1427 3658 vectiga-

374 3667 419 3736 qui
439 3665 589 3736 corrigebat
611 3664 703 3731 unici,
725 3665 876 3717 refutarunt
920 3666 989 3719 libus
999 3670 1074 3721 novis
1084 3681 1110 3719 et
1120 3667 1427 3720 extraordinariisresar·

372 3745 475 3798 Ernest.
484 3757 510 3796 et
517 3742 641 3796 Oudend.
653 3743 797 3797 similibus:
809 3746 877 3818 inqe-
921 3748 1045 3800 ciendum
1057 3761 1171 3801 curaret.

372 3825 448 3877 nium
459 3826 581 3890 unicum,
594 3824 674 3878 scelus
685 3823 806 3892 unicum,
818 3827 876 3878 uni·
960 3827 1001 3896 14.
1015 3827 1247 3902 Mandatoresqae5
1260 3827 1308 3900 qui
1321 3843 1426 3878 accuss-

371 3924 402 3957 ca
416 3921 491 3972 eura,
504 3905 604 3982 pratia,
622 3901 743 3969 lmria,
759 3903 877 3958 liberali·
920 3917 991 3959 tores
1004 3905 1187 3959 subornabant
1198 3919 1225 3958 et
1240 3904 1425 3968 instruebant,

373 3994 424 4052 tas,
431 3981 509 4056 fides.
922 3997 949 4038 et
959 3987 987 4038 in
1000 3985 1118 4040 exsilium
1127 3985 1249 4039 homines
1260 3985 1313 4038 hae
1324 3985 1426 4037 ratione

410 4082 451 4115 ra.
472 4064 632 4116 dictatores...
650 4070 717 4114 sorte
732 4061 815 4114 duxit.
833 4062 874 4115 Cf.
922 4063 1054 4118 calumnia
1069 4081 1213 4138 oppressos
1229 4061 1386 4136 pellebant,
1397 4073 1428 4114 ut

371 4141 500 4214 Xiphiliu·
516 4160 575 4212 cap.
593 4141 634 4206 ad.
649 4141 791 4192 destituere
804 4154 875 4194 nost.
922 4155 993 4195 recte
1009 4141 1126 4194 Turneb.
1146 4141 1257 4195 Advers.
1277 4141 1368 4206 XXll,
1387 4137 1424 4192 15.

370 4221 431 4272 loco
447 4232 486 4272 est
499 4222 544 4274 Gr.
560 4219 647 4288 οἰκίζειν
662 4217 702 4270 vel
717 4215 844 4287 ἑνοιιίξω.
921 4224 962 4276 Cf.
971 4221 1111 4276 Callistrat.
1121 4224 1220 4293 Digest.
1232 4221 1331 4290 xllx,
1345 4220 1389 4287 td,
1400 4236 1423 4270 a.

411 4301 450 4353 13.
466 4298 559 4370 Nihil,
572 4302 622 4354 nisi
632 4299 693 4367 sibi,
703 4298 809 4371 publice
818 4321 877 4375 per·
914 4291 1000 4373 vulg.
1013 4301 1203 4355 emendatores.
